%YAML 1.1
%TAG !u! tag:unity3d.com,2011:
--- !u!29 &1
OcclusionCullingSettings:
  m_ObjectHideFlags: 0
  serializedVersion: 2
  m_OcclusionBakeSettings:
    smallestOccluder: 5
    smallestHole: 0.25
    backfaceThreshold: 100
  m_SceneGUID: 00000000000000000000000000000000
  m_OcclusionCullingData: {fileID: 0}
--- !u!104 &2
RenderSettings:
  m_ObjectHideFlags: 0
  serializedVersion: 9
  m_Fog: 1
  m_FogColor: {r: 0, g: 0, b: 0, a: 0}
  m_FogMode: 3
  m_FogDensity: 0.01
  m_LinearFogStart: 0
  m_LinearFogEnd: 300
  m_AmbientSkyColor: {r: 0.2, g: 0.2, b: 0.2, a: 1}
  m_AmbientEquatorColor: {r: 0.2, g: 0.2, b: 0.2, a: 1}
  m_AmbientGroundColor: {r: 0.2, g: 0.2, b: 0.2, a: 1}
  m_AmbientIntensity: 1
  m_AmbientMode: 3
  m_SubtractiveShadowColor: {r: 0.42, g: 0.478, b: 0.627, a: 1}
  m_SkyboxMaterial: {fileID: 0}
  m_HaloStrength: 0.5
  m_FlareStrength: 1
  m_FlareFadeSpeed: 3
  m_HaloTexture: {fileID: 0}
  m_SpotCookie: {fileID: 10001, guid: 0000000000000000e000000000000000, type: 0}
  m_DefaultReflectionMode: 0
  m_DefaultReflectionResolution: 128
  m_ReflectionBounces: 1
  m_ReflectionIntensity: 1
  m_CustomReflection: {fileID: 0}
  m_Sun: {fileID: 0}
  m_IndirectSpecularColor: {r: 0, g: 0, b: 0, a: 1}
  m_UseRadianceAmbientProbe: 0
--- !u!157 &4
LightmapSettings:
  m_ObjectHideFlags: 0
  serializedVersion: 12
  m_GIWorkflowMode: 1
  m_GISettings:
    serializedVersion: 2
    m_BounceScale: 1
    m_IndirectOutputScale: 1
    m_AlbedoBoost: 1
    m_EnvironmentLightingMode: 0
    m_EnableBakedLightmaps: 1
    m_EnableRealtimeLightmaps: 0
  m_LightmapEditorSettings:
    serializedVersion: 12
    m_Resolution: 1
    m_BakeResolution: 50
    m_AtlasSize: 1024
    m_AO: 0
    m_AOMaxDistance: 1
    m_CompAOExponent: 0
    m_CompAOExponentDirect: 0
    m_ExtractAmbientOcclusion: 0
    m_Padding: 2
    m_LightmapParameters: {fileID: 0}
    m_LightmapsBakeMode: 1
    m_TextureCompression: 0
    m_FinalGather: 0
    m_FinalGatherFiltering: 1
    m_FinalGatherRayCount: 1024
    m_ReflectionCompression: 2
    m_MixedBakeMode: 1
    m_BakeBackend: 0
    m_PVRSampling: 1
    m_PVRDirectSampleCount: 32
    m_PVRSampleCount: 500
    m_PVRBounces: 2
    m_PVREnvironmentSampleCount: 500
    m_PVREnvironmentReferencePointCount: 2048
    m_PVRFilteringMode: 2
    m_PVRDenoiserTypeDirect: 0
    m_PVRDenoiserTypeIndirect: 0
    m_PVRDenoiserTypeAO: 0
    m_PVRFilterTypeDirect: 0
    m_PVRFilterTypeIndirect: 0
    m_PVRFilterTypeAO: 0
    m_PVREnvironmentMIS: 0
    m_PVRCulling: 1
    m_PVRFilteringGaussRadiusDirect: 1
    m_PVRFilteringGaussRadiusIndirect: 5
    m_PVRFilteringGaussRadiusAO: 2
    m_PVRFilteringAtrousPositionSigmaDirect: 0.5
    m_PVRFilteringAtrousPositionSigmaIndirect: 2
    m_PVRFilteringAtrousPositionSigmaAO: 1
    m_ExportTrainingData: 0
    m_TrainingDataDestination: TrainingData
    m_LightProbeSampleCountMultiplier: 4
  m_LightingDataAsset: {fileID: 0}
  m_LightingSettings: {fileID: 540002726}
--- !u!196 &5
NavMeshSettings:
  serializedVersion: 2
  m_ObjectHideFlags: 0
  m_BuildSettings:
    serializedVersion: 2
    agentTypeID: 0
    agentRadius: 0.5
    agentHeight: 2
    agentSlope: 45
    agentClimb: 0.4
    ledgeDropHeight: 0
    maxJumpAcrossDistance: 0
    minRegionArea: 2
    manualCellSize: 0
    cellSize: 0.16666666
    manualTileSize: 0
    tileSize: 256
    accuratePlacement: 0
    maxJobWorkers: 0
    preserveTilesOutsideBounds: 0
    debug:
      m_Flags: 0
  m_NavMeshData: {fileID: 0}
--- !u!1001 &59001101
PrefabInstance:
  m_ObjectHideFlags: 0
  serializedVersion: 2
  m_Modification:
    m_TransformParent: {fileID: 1494325979}
    m_Modifications:
    - target: {fileID: 108046, guid: ce0837de5d2b5d140aea3195484dca8a, type: 3}
      propertyPath: m_Name
      value: Platform100x1000 (10)
      objectReference: {fileID: 0}
    - target: {fileID: 408230, guid: ce0837de5d2b5d140aea3195484dca8a, type: 3}
      propertyPath: m_RootOrder
      value: 11
      objectReference: {fileID: 0}
    - target: {fileID: 408230, guid: ce0837de5d2b5d140aea3195484dca8a, type: 3}
      propertyPath: m_LocalScale.x
      value: 5.2103767
      objectReference: {fileID: 0}
    - target: {fileID: 408230, guid: ce0837de5d2b5d140aea3195484dca8a, type: 3}
      propertyPath: m_LocalScale.y
      value: 0.5617396
      objectReference: {fileID: 0}
    - target: {fileID: 408230, guid: ce0837de5d2b5d140aea3195484dca8a, type: 3}
      propertyPath: m_LocalPosition.x
      value: 37.6
      objectReference: {fileID: 0}
    - target: {fileID: 408230, guid: ce0837de5d2b5d140aea3195484dca8a, type: 3}
      propertyPath: m_LocalPosition.y
      value: -3.5
      objectReference: {fileID: 0}
    - target: {fileID: 408230, guid: ce0837de5d2b5d140aea3195484dca8a, type: 3}
      propertyPath: m_LocalPosition.z
      value: 0
      objectReference: {fileID: 0}
    - target: {fileID: 408230, guid: ce0837de5d2b5d140aea3195484dca8a, type: 3}
      propertyPath: m_LocalRotation.w
      value: 1
      objectReference: {fileID: 0}
    - target: {fileID: 408230, guid: ce0837de5d2b5d140aea3195484dca8a, type: 3}
      propertyPath: m_LocalRotation.x
      value: 0
      objectReference: {fileID: 0}
    - target: {fileID: 408230, guid: ce0837de5d2b5d140aea3195484dca8a, type: 3}
      propertyPath: m_LocalRotation.y
      value: 0
      objectReference: {fileID: 0}
    - target: {fileID: 408230, guid: ce0837de5d2b5d140aea3195484dca8a, type: 3}
      propertyPath: m_LocalRotation.z
      value: 0
      objectReference: {fileID: 0}
    m_RemovedComponents: []
  m_SourcePrefab: {fileID: 100100000, guid: ce0837de5d2b5d140aea3195484dca8a, type: 3}
--- !u!1 &213527044
GameObject:
  m_ObjectHideFlags: 0
  m_CorrespondingSourceObject: {fileID: 0}
  m_PrefabInstance: {fileID: 0}
  m_PrefabAsset: {fileID: 0}
  serializedVersion: 6
  m_Component:
  - component: {fileID: 213527045}
  - component: {fileID: 213527046}
  m_Layer: 0
  m_Name: LevelManager
  m_TagString: Untagged
  m_Icon: {fileID: 5721338939258241955, guid: 0000000000000000d000000000000000, type: 0}
  m_NavMeshLayer: 0
  m_StaticEditorFlags: 0
  m_IsActive: 1
--- !u!4 &213527045
Transform:
  m_ObjectHideFlags: 0
  m_CorrespondingSourceObject: {fileID: 0}
  m_PrefabInstance: {fileID: 0}
  m_PrefabAsset: {fileID: 0}
  m_GameObject: {fileID: 213527044}
  m_LocalRotation: {x: 0, y: 0, z: 0, w: 1}
  m_LocalPosition: {x: -27.799995, y: -2.0000005, z: 0}
  m_LocalScale: {x: 1, y: 1, z: 1}
  m_ConstrainProportionsScale: 0
  m_Children: []
  m_Father: {fileID: 0}
  m_RootOrder: 9
  m_LocalEulerAnglesHint: {x: 0, y: 0, z: 0}
--- !u!114 &213527046
MonoBehaviour:
  m_ObjectHideFlags: 0
  m_CorrespondingSourceObject: {fileID: 0}
  m_PrefabInstance: {fileID: 0}
  m_PrefabAsset: {fileID: 0}
  m_GameObject: {fileID: 213527044}
  m_Enabled: 1
  m_EditorHideFlags: 0
  m_Script: {fileID: 11500000, guid: 88fcac034e6398d42ac254095d9b2d18, type: 3}
  m_Name: 
  m_EditorClassIdentifier: 
  PlayerPrefabs:
  - {fileID: 11485350, guid: eaa0c32df7aae4121befb930bd401b9a, type: 3}
  AutoAttributePlayerIDs: 1
  SceneCharacters: []
  DebugSpawn: {fileID: 1132044354}
  CheckpointAttributionAxis: 0
  CheckpointAttributionDirection: 0
  CurrentCheckPoint: {fileID: 0}
  PointsOfEntry: []
  IntroFadeDuration: 1
  OutroFadeDuration: 1
  FaderID: 0
  FadeTween:
    MMTweenDefinitionType: 0
    MMTweenCurve: 6
    Curve:
      serializedVersion: 2
      m_Curve:
      - serializedVersion: 3
        time: 0
        value: 0
        inSlope: 0
        outSlope: 0
        tangentMode: 0
        weightedMode: 0
        inWeight: 0
        outWeight: 0
      - serializedVersion: 3
        time: 1
        value: 1
        inSlope: 0
        outSlope: 0
        tangentMode: 0
        weightedMode: 0
        inWeight: 0
        outWeight: 0
      m_PreInfinity: 2
      m_PostInfinity: 2
      m_RotationOrder: 4
    Initialized: 0
  RespawnDelay: 2
  ResetPointsOnRestart: 1
  BoundsMode: 1
  LevelBounds:
    m_Center: {x: 16.64, y: 3.1, z: 0}
    m_Extent: {x: 40, y: 8.83, z: 5}
  ConvertToColliderBoundsButton: 0
  LoadingSceneMode: 1
  LoadingSceneName: LoadingScreen
  AdditiveLoadingSettings:
    LoadingSceneName: MMAdditiveLoadingScreen
    ThreadPriority: 4
    SecureLoad: 1
    InterpolateProgress: 1
    BeforeEntryFadeDelay: 0
    EntryFadeDuration: 0.25
    AfterEntryFadeDelay: 0.1
    BeforeExitFadeDelay: 0.25
    ExitFadeDuration: 0.2
    EntryFadeTween:
      MMTweenDefinitionType: 0
      MMTweenCurve: 0
      Curve:
        serializedVersion: 2
        m_Curve: []
        m_PreInfinity: 2
        m_PostInfinity: 2
        m_RotationOrder: 4
      Initialized: 0
    ExitFadeTween:
      MMTweenDefinitionType: 0
      MMTweenCurve: 0
      Curve:
        serializedVersion: 2
        m_Curve: []
        m_PreInfinity: 2
        m_PostInfinity: 2
        m_RotationOrder: 4
      Initialized: 0
    ProgressBarSpeed: 5
    FadeMode: 0
    UnloadMethod: 2
  SetPlayerAsFeedbackRangeCenter: 0
--- !u!1001 &238216542
PrefabInstance:
  m_ObjectHideFlags: 0
  serializedVersion: 2
  m_Modification:
    m_TransformParent: {fileID: 1494325979}
    m_Modifications:
    - target: {fileID: 108046, guid: ce0837de5d2b5d140aea3195484dca8a, type: 3}
      propertyPath: m_Name
      value: Platform100x1000 (11)
      objectReference: {fileID: 0}
    - target: {fileID: 408230, guid: ce0837de5d2b5d140aea3195484dca8a, type: 3}
      propertyPath: m_RootOrder
      value: 12
      objectReference: {fileID: 0}
    - target: {fileID: 408230, guid: ce0837de5d2b5d140aea3195484dca8a, type: 3}
      propertyPath: m_LocalScale.x
      value: 2.8903317
      objectReference: {fileID: 0}
    - target: {fileID: 408230, guid: ce0837de5d2b5d140aea3195484dca8a, type: 3}
      propertyPath: m_LocalScale.y
      value: 0.3898815
      objectReference: {fileID: 0}
    - target: {fileID: 408230, guid: ce0837de5d2b5d140aea3195484dca8a, type: 3}
      propertyPath: m_LocalPosition.x
      value: 41.49
      objectReference: {fileID: 0}
    - target: {fileID: 408230, guid: ce0837de5d2b5d140aea3195484dca8a, type: 3}
      propertyPath: m_LocalPosition.y
      value: -4.8
      objectReference: {fileID: 0}
    - target: {fileID: 408230, guid: ce0837de5d2b5d140aea3195484dca8a, type: 3}
      propertyPath: m_LocalPosition.z
      value: 0
      objectReference: {fileID: 0}
    - target: {fileID: 408230, guid: ce0837de5d2b5d140aea3195484dca8a, type: 3}
      propertyPath: m_LocalRotation.w
      value: 1
      objectReference: {fileID: 0}
    - target: {fileID: 408230, guid: ce0837de5d2b5d140aea3195484dca8a, type: 3}
      propertyPath: m_LocalRotation.x
      value: 0
      objectReference: {fileID: 0}
    - target: {fileID: 408230, guid: ce0837de5d2b5d140aea3195484dca8a, type: 3}
      propertyPath: m_LocalRotation.y
      value: 0
      objectReference: {fileID: 0}
    - target: {fileID: 408230, guid: ce0837de5d2b5d140aea3195484dca8a, type: 3}
      propertyPath: m_LocalRotation.z
      value: 0
      objectReference: {fileID: 0}
    m_RemovedComponents: []
  m_SourcePrefab: {fileID: 100100000, guid: ce0837de5d2b5d140aea3195484dca8a, type: 3}
--- !u!1001 &279751735
PrefabInstance:
  m_ObjectHideFlags: 0
  serializedVersion: 2
  m_Modification:
    m_TransformParent: {fileID: 1494325979}
    m_Modifications:
    - target: {fileID: 145898, guid: f58a667c8217aaf42b28e20ef609767b, type: 3}
      propertyPath: m_Name
      value: Platform1000x100 (8)
      objectReference: {fileID: 0}
    - target: {fileID: 471364, guid: f58a667c8217aaf42b28e20ef609767b, type: 3}
      propertyPath: m_RootOrder
      value: 13
      objectReference: {fileID: 0}
    - target: {fileID: 471364, guid: f58a667c8217aaf42b28e20ef609767b, type: 3}
      propertyPath: m_LocalScale.x
      value: 2.071289
      objectReference: {fileID: 0}
    - target: {fileID: 471364, guid: f58a667c8217aaf42b28e20ef609767b, type: 3}
      propertyPath: m_LocalPosition.x
      value: 53.09
      objectReference: {fileID: 0}
    - target: {fileID: 471364, guid: f58a667c8217aaf42b28e20ef609767b, type: 3}
      propertyPath: m_LocalPosition.y
      value: -5.86
      objectReference: {fileID: 0}
    - target: {fileID: 471364, guid: f58a667c8217aaf42b28e20ef609767b, type: 3}
      propertyPath: m_LocalPosition.z
      value: 0
      objectReference: {fileID: 0}
    - target: {fileID: 471364, guid: f58a667c8217aaf42b28e20ef609767b, type: 3}
      propertyPath: m_LocalRotation.w
      value: 1
      objectReference: {fileID: 0}
    - target: {fileID: 471364, guid: f58a667c8217aaf42b28e20ef609767b, type: 3}
      propertyPath: m_LocalRotation.x
      value: 0
      objectReference: {fileID: 0}
    - target: {fileID: 471364, guid: f58a667c8217aaf42b28e20ef609767b, type: 3}
      propertyPath: m_LocalRotation.y
      value: 0
      objectReference: {fileID: 0}
    - target: {fileID: 471364, guid: f58a667c8217aaf42b28e20ef609767b, type: 3}
      propertyPath: m_LocalRotation.z
      value: 0
      objectReference: {fileID: 0}
    m_RemovedComponents: []
  m_SourcePrefab: {fileID: 100100000, guid: f58a667c8217aaf42b28e20ef609767b, type: 3}
--- !u!4 &348403458 stripped
Transform:
  m_CorrespondingSourceObject: {fileID: 408230, guid: ce0837de5d2b5d140aea3195484dca8a,
    type: 3}
  m_PrefabInstance: {fileID: 1841254648}
  m_PrefabAsset: {fileID: 0}
--- !u!1001 &361731869
PrefabInstance:
  m_ObjectHideFlags: 0
  serializedVersion: 2
  m_Modification:
    m_TransformParent: {fileID: 0}
    m_Modifications:
    - target: {fileID: 147738, guid: 6b80913d2909136479355cfc7b7df3df, type: 3}
      propertyPath: m_Name
      value: MovingPlatform (1)
      objectReference: {fileID: 0}
    - target: {fileID: 456954, guid: 6b80913d2909136479355cfc7b7df3df, type: 3}
      propertyPath: m_RootOrder
      value: 5
      objectReference: {fileID: 0}
    - target: {fileID: 456954, guid: 6b80913d2909136479355cfc7b7df3df, type: 3}
      propertyPath: m_LocalScale.x
      value: 0.6375
      objectReference: {fileID: 0}
    - target: {fileID: 456954, guid: 6b80913d2909136479355cfc7b7df3df, type: 3}
      propertyPath: m_LocalPosition.x
      value: 37.8
      objectReference: {fileID: 0}
    - target: {fileID: 456954, guid: 6b80913d2909136479355cfc7b7df3df, type: 3}
      propertyPath: m_LocalPosition.y
      value: 3.37
      objectReference: {fileID: 0}
    - target: {fileID: 456954, guid: 6b80913d2909136479355cfc7b7df3df, type: 3}
      propertyPath: m_LocalPosition.z
      value: 0
      objectReference: {fileID: 0}
    - target: {fileID: 456954, guid: 6b80913d2909136479355cfc7b7df3df, type: 3}
      propertyPath: m_LocalRotation.w
      value: 1
      objectReference: {fileID: 0}
    - target: {fileID: 456954, guid: 6b80913d2909136479355cfc7b7df3df, type: 3}
      propertyPath: m_LocalRotation.x
      value: 0
      objectReference: {fileID: 0}
    - target: {fileID: 456954, guid: 6b80913d2909136479355cfc7b7df3df, type: 3}
      propertyPath: m_LocalRotation.y
      value: 0
      objectReference: {fileID: 0}
    - target: {fileID: 456954, guid: 6b80913d2909136479355cfc7b7df3df, type: 3}
      propertyPath: m_LocalRotation.z
      value: 0
      objectReference: {fileID: 0}
    - target: {fileID: 456954, guid: 6b80913d2909136479355cfc7b7df3df, type: 3}
      propertyPath: m_LocalEulerAnglesHint.x
      value: 0
      objectReference: {fileID: 0}
    - target: {fileID: 456954, guid: 6b80913d2909136479355cfc7b7df3df, type: 3}
      propertyPath: m_LocalEulerAnglesHint.y
      value: 0
      objectReference: {fileID: 0}
    - target: {fileID: 456954, guid: 6b80913d2909136479355cfc7b7df3df, type: 3}
      propertyPath: m_LocalEulerAnglesHint.z
      value: 0
      objectReference: {fileID: 0}
    - target: {fileID: 114591488990611860, guid: 6b80913d2909136479355cfc7b7df3df,
        type: 3}
      propertyPath: MovementSpeed
      value: 4
      objectReference: {fileID: 0}
    - target: {fileID: 114591488990611860, guid: 6b80913d2909136479355cfc7b7df3df,
        type: 3}
      propertyPath: PathElements.Array.data[1].PathElementPosition.x
      value: -3.6703682
      objectReference: {fileID: 0}
    - target: {fileID: 114591488990611860, guid: 6b80913d2909136479355cfc7b7df3df,
        type: 3}
      propertyPath: PathElements.Array.data[1].PathElementPosition.y
      value: 2.4211912
      objectReference: {fileID: 0}
    m_RemovedComponents: []
  m_SourcePrefab: {fileID: 100100000, guid: 6b80913d2909136479355cfc7b7df3df, type: 3}
--- !u!4 &365328089 stripped
Transform:
  m_CorrespondingSourceObject: {fileID: 408230, guid: ce0837de5d2b5d140aea3195484dca8a,
    type: 3}
  m_PrefabInstance: {fileID: 1958629380}
  m_PrefabAsset: {fileID: 0}
--- !u!1001 &411528085
PrefabInstance:
  m_ObjectHideFlags: 0
  serializedVersion: 2
  m_Modification:
    m_TransformParent: {fileID: 1494325979}
    m_Modifications:
    - target: {fileID: 108046, guid: ce0837de5d2b5d140aea3195484dca8a, type: 3}
      propertyPath: m_Name
      value: Platform100x1000 (16)
      objectReference: {fileID: 0}
    - target: {fileID: 408230, guid: ce0837de5d2b5d140aea3195484dca8a, type: 3}
      propertyPath: m_RootOrder
      value: 18
      objectReference: {fileID: 0}
    - target: {fileID: 408230, guid: ce0837de5d2b5d140aea3195484dca8a, type: 3}
      propertyPath: m_LocalScale.x
      value: 3.572739
      objectReference: {fileID: 0}
    - target: {fileID: 408230, guid: ce0837de5d2b5d140aea3195484dca8a, type: 3}
      propertyPath: m_LocalScale.y
      value: 0.04865721
      objectReference: {fileID: 0}
    - target: {fileID: 408230, guid: ce0837de5d2b5d140aea3195484dca8a, type: 3}
      propertyPath: m_LocalPosition.x
      value: 30.01
      objectReference: {fileID: 0}
    - target: {fileID: 408230, guid: ce0837de5d2b5d140aea3195484dca8a, type: 3}
      propertyPath: m_LocalPosition.y
      value: 6.01
      objectReference: {fileID: 0}
    - target: {fileID: 408230, guid: ce0837de5d2b5d140aea3195484dca8a, type: 3}
      propertyPath: m_LocalPosition.z
      value: 0
      objectReference: {fileID: 0}
    - target: {fileID: 408230, guid: ce0837de5d2b5d140aea3195484dca8a, type: 3}
      propertyPath: m_LocalRotation.w
      value: 1
      objectReference: {fileID: 0}
    - target: {fileID: 408230, guid: ce0837de5d2b5d140aea3195484dca8a, type: 3}
      propertyPath: m_LocalRotation.x
      value: 0
      objectReference: {fileID: 0}
    - target: {fileID: 408230, guid: ce0837de5d2b5d140aea3195484dca8a, type: 3}
      propertyPath: m_LocalRotation.y
      value: 0
      objectReference: {fileID: 0}
    - target: {fileID: 408230, guid: ce0837de5d2b5d140aea3195484dca8a, type: 3}
      propertyPath: m_LocalRotation.z
      value: 0
      objectReference: {fileID: 0}
    m_RemovedComponents: []
  m_SourcePrefab: {fileID: 100100000, guid: ce0837de5d2b5d140aea3195484dca8a, type: 3}
--- !u!1001 &411540171
PrefabInstance:
  m_ObjectHideFlags: 0
  serializedVersion: 2
  m_Modification:
    m_TransformParent: {fileID: 1494325979}
    m_Modifications:
    - target: {fileID: 108046, guid: ce0837de5d2b5d140aea3195484dca8a, type: 3}
      propertyPath: m_Name
      value: Platform100x1000 (5)
      objectReference: {fileID: 0}
    - target: {fileID: 408230, guid: ce0837de5d2b5d140aea3195484dca8a, type: 3}
      propertyPath: m_RootOrder
      value: 10
      objectReference: {fileID: 0}
    - target: {fileID: 408230, guid: ce0837de5d2b5d140aea3195484dca8a, type: 3}
      propertyPath: m_LocalScale.x
      value: 21.5591
      objectReference: {fileID: 0}
    - target: {fileID: 408230, guid: ce0837de5d2b5d140aea3195484dca8a, type: 3}
      propertyPath: m_LocalScale.y
      value: 2.9770126
      objectReference: {fileID: 0}
    - target: {fileID: 408230, guid: ce0837de5d2b5d140aea3195484dca8a, type: 3}
      propertyPath: m_LocalPosition.x
      value: 59.01
      objectReference: {fileID: 0}
    - target: {fileID: 408230, guid: ce0837de5d2b5d140aea3195484dca8a, type: 3}
      propertyPath: m_LocalPosition.y
      value: 12.87
      objectReference: {fileID: 0}
    - target: {fileID: 408230, guid: ce0837de5d2b5d140aea3195484dca8a, type: 3}
      propertyPath: m_LocalPosition.z
      value: 0
      objectReference: {fileID: 0}
    - target: {fileID: 408230, guid: ce0837de5d2b5d140aea3195484dca8a, type: 3}
      propertyPath: m_LocalRotation.w
      value: 1
      objectReference: {fileID: 0}
    - target: {fileID: 408230, guid: ce0837de5d2b5d140aea3195484dca8a, type: 3}
      propertyPath: m_LocalRotation.x
      value: 0
      objectReference: {fileID: 0}
    - target: {fileID: 408230, guid: ce0837de5d2b5d140aea3195484dca8a, type: 3}
      propertyPath: m_LocalRotation.y
      value: 0
      objectReference: {fileID: 0}
    - target: {fileID: 408230, guid: ce0837de5d2b5d140aea3195484dca8a, type: 3}
      propertyPath: m_LocalRotation.z
      value: 0
      objectReference: {fileID: 0}
    m_RemovedComponents: []
  m_SourcePrefab: {fileID: 100100000, guid: ce0837de5d2b5d140aea3195484dca8a, type: 3}
--- !u!1001 &416704431
PrefabInstance:
  m_ObjectHideFlags: 0
  serializedVersion: 2
  m_Modification:
    m_TransformParent: {fileID: 1494325979}
    m_Modifications:
    - target: {fileID: 108046, guid: ce0837de5d2b5d140aea3195484dca8a, type: 3}
      propertyPath: m_Name
      value: Platform100x1000 (14)
      objectReference: {fileID: 0}
    - target: {fileID: 408230, guid: ce0837de5d2b5d140aea3195484dca8a, type: 3}
      propertyPath: m_RootOrder
      value: 16
      objectReference: {fileID: 0}
    - target: {fileID: 408230, guid: ce0837de5d2b5d140aea3195484dca8a, type: 3}
      propertyPath: m_LocalScale.x
      value: 3.572739
      objectReference: {fileID: 0}
    - target: {fileID: 408230, guid: ce0837de5d2b5d140aea3195484dca8a, type: 3}
      propertyPath: m_LocalScale.y
      value: 0.04865721
      objectReference: {fileID: 0}
    - target: {fileID: 408230, guid: ce0837de5d2b5d140aea3195484dca8a, type: 3}
      propertyPath: m_LocalPosition.x
      value: 13.11
      objectReference: {fileID: 0}
    - target: {fileID: 408230, guid: ce0837de5d2b5d140aea3195484dca8a, type: 3}
      propertyPath: m_LocalPosition.y
      value: 6.08
      objectReference: {fileID: 0}
    - target: {fileID: 408230, guid: ce0837de5d2b5d140aea3195484dca8a, type: 3}
      propertyPath: m_LocalPosition.z
      value: 0
      objectReference: {fileID: 0}
    - target: {fileID: 408230, guid: ce0837de5d2b5d140aea3195484dca8a, type: 3}
      propertyPath: m_LocalRotation.w
      value: 1
      objectReference: {fileID: 0}
    - target: {fileID: 408230, guid: ce0837de5d2b5d140aea3195484dca8a, type: 3}
      propertyPath: m_LocalRotation.x
      value: 0
      objectReference: {fileID: 0}
    - target: {fileID: 408230, guid: ce0837de5d2b5d140aea3195484dca8a, type: 3}
      propertyPath: m_LocalRotation.y
      value: 0
      objectReference: {fileID: 0}
    - target: {fileID: 408230, guid: ce0837de5d2b5d140aea3195484dca8a, type: 3}
      propertyPath: m_LocalRotation.z
      value: 0
      objectReference: {fileID: 0}
    m_RemovedComponents: []
  m_SourcePrefab: {fileID: 100100000, guid: ce0837de5d2b5d140aea3195484dca8a, type: 3}
--- !u!4 &420936718 stripped
Transform:
  m_CorrespondingSourceObject: {fileID: 408230, guid: ce0837de5d2b5d140aea3195484dca8a,
    type: 3}
  m_PrefabInstance: {fileID: 2002450778}
  m_PrefabAsset: {fileID: 0}
--- !u!1001 &432633325
PrefabInstance:
  m_ObjectHideFlags: 0
  serializedVersion: 2
  m_Modification:
    m_TransformParent: {fileID: 0}
    m_Modifications:
    - target: {fileID: 147738, guid: 6b80913d2909136479355cfc7b7df3df, type: 3}
      propertyPath: m_Name
      value: MovingPlatform (2)
      objectReference: {fileID: 0}
    - target: {fileID: 456954, guid: 6b80913d2909136479355cfc7b7df3df, type: 3}
      propertyPath: m_RootOrder
      value: 6
      objectReference: {fileID: 0}
    - target: {fileID: 456954, guid: 6b80913d2909136479355cfc7b7df3df, type: 3}
      propertyPath: m_LocalScale.x
      value: 0.6375
      objectReference: {fileID: 0}
    - target: {fileID: 456954, guid: 6b80913d2909136479355cfc7b7df3df, type: 3}
      propertyPath: m_LocalPosition.x
      value: 6.26
      objectReference: {fileID: 0}
    - target: {fileID: 456954, guid: 6b80913d2909136479355cfc7b7df3df, type: 3}
      propertyPath: m_LocalPosition.y
      value: 3.15
      objectReference: {fileID: 0}
    - target: {fileID: 456954, guid: 6b80913d2909136479355cfc7b7df3df, type: 3}
      propertyPath: m_LocalPosition.z
      value: 0
      objectReference: {fileID: 0}
    - target: {fileID: 456954, guid: 6b80913d2909136479355cfc7b7df3df, type: 3}
      propertyPath: m_LocalRotation.w
      value: 1
      objectReference: {fileID: 0}
    - target: {fileID: 456954, guid: 6b80913d2909136479355cfc7b7df3df, type: 3}
      propertyPath: m_LocalRotation.x
      value: 0
      objectReference: {fileID: 0}
    - target: {fileID: 456954, guid: 6b80913d2909136479355cfc7b7df3df, type: 3}
      propertyPath: m_LocalRotation.y
      value: 0
      objectReference: {fileID: 0}
    - target: {fileID: 456954, guid: 6b80913d2909136479355cfc7b7df3df, type: 3}
      propertyPath: m_LocalRotation.z
      value: 0
      objectReference: {fileID: 0}
    - target: {fileID: 456954, guid: 6b80913d2909136479355cfc7b7df3df, type: 3}
      propertyPath: m_LocalEulerAnglesHint.x
      value: 0
      objectReference: {fileID: 0}
    - target: {fileID: 456954, guid: 6b80913d2909136479355cfc7b7df3df, type: 3}
      propertyPath: m_LocalEulerAnglesHint.y
      value: 0
      objectReference: {fileID: 0}
    - target: {fileID: 456954, guid: 6b80913d2909136479355cfc7b7df3df, type: 3}
      propertyPath: m_LocalEulerAnglesHint.z
      value: 0
      objectReference: {fileID: 0}
    - target: {fileID: 114591488990611860, guid: 6b80913d2909136479355cfc7b7df3df,
        type: 3}
      propertyPath: MovementSpeed
      value: 4
      objectReference: {fileID: 0}
    - target: {fileID: 114591488990611860, guid: 6b80913d2909136479355cfc7b7df3df,
        type: 3}
      propertyPath: PathElements.Array.data[1].PathElementPosition.x
      value: 2.8651838
      objectReference: {fileID: 0}
    - target: {fileID: 114591488990611860, guid: 6b80913d2909136479355cfc7b7df3df,
        type: 3}
      propertyPath: PathElements.Array.data[1].PathElementPosition.y
      value: 2.877163
      objectReference: {fileID: 0}
    m_RemovedComponents: []
  m_SourcePrefab: {fileID: 100100000, guid: 6b80913d2909136479355cfc7b7df3df, type: 3}
--- !u!1 &482486643 stripped
GameObject:
  m_CorrespondingSourceObject: {fileID: 4688826713728543427, guid: 785c05b96cadce14787bddd4f4fbb4ca,
    type: 3}
  m_PrefabInstance: {fileID: 835818116}
  m_PrefabAsset: {fileID: 0}
--- !u!114 &482486649
MonoBehaviour:
  m_ObjectHideFlags: 2
  m_CorrespondingSourceObject: {fileID: 0}
  m_PrefabInstance: {fileID: 0}
  m_PrefabAsset: {fileID: 0}
  m_GameObject: {fileID: 482486643}
  m_Enabled: 1
  m_EditorHideFlags: 0
  m_Script: {fileID: 11500000, guid: a735df4ed5161bc4a89ba41ab2149469, type: 3}
  m_Name: 
  m_EditorClassIdentifier: 
  Active: 1
  Label: Destroy
  Chance: 100
  Timing:
    TimescaleMode: 0
    ExcludeFromHoldingPauses: 0
    ContributeToTotalDuration: 1
    InitialDelay: 0
    CooldownDuration: 0
    InterruptsOnStop: 1
    NumberOfRepeats: 0
    RepeatForever: 0
    DelayBetweenRepeats: 1
    MMFeedbacksDirectionCondition: 0
    PlayDirection: 0
    ConstantIntensity: 0
    UseIntensityInterval: 0
    IntensityIntervalMin: 0
    IntensityIntervalMax: 0
    Sequence: {fileID: 0}
    TrackID: 0
    Quantized: 0
    TargetBPM: 120
  DebugActive: 0
  TargetGameObject: {fileID: 899213470}
  Mode: 0
--- !u!4 &532928530 stripped
Transform:
  m_CorrespondingSourceObject: {fileID: 408230, guid: ce0837de5d2b5d140aea3195484dca8a,
    type: 3}
  m_PrefabInstance: {fileID: 238216542}
  m_PrefabAsset: {fileID: 0}
--- !u!850595691 &540002726
LightingSettings:
  m_ObjectHideFlags: 0
  m_CorrespondingSourceObject: {fileID: 0}
  m_PrefabInstance: {fileID: 0}
  m_PrefabAsset: {fileID: 0}
  m_Name: Settings.lighting
  serializedVersion: 4
  m_GIWorkflowMode: 1
  m_EnableBakedLightmaps: 1
  m_EnableRealtimeLightmaps: 0
  m_RealtimeEnvironmentLighting: 1
  m_BounceScale: 1
  m_AlbedoBoost: 1
  m_IndirectOutputScale: 1
  m_UsingShadowmask: 0
  m_BakeBackend: 0
  m_LightmapMaxSize: 1024
  m_BakeResolution: 50
  m_Padding: 2
  m_LightmapCompression: 0
  m_AO: 0
  m_AOMaxDistance: 1
  m_CompAOExponent: 0
  m_CompAOExponentDirect: 0
  m_ExtractAO: 0
  m_MixedBakeMode: 1
  m_LightmapsBakeMode: 1
  m_FilterMode: 1
  m_LightmapParameters: {fileID: 15204, guid: 0000000000000000f000000000000000, type: 0}
  m_ExportTrainingData: 0
  m_TrainingDataDestination: TrainingData
  m_RealtimeResolution: 1
  m_ForceWhiteAlbedo: 0
  m_ForceUpdates: 0
  m_FinalGather: 0
  m_FinalGatherRayCount: 1024
  m_FinalGatherFiltering: 1
  m_PVRCulling: 1
  m_PVRSampling: 1
  m_PVRDirectSampleCount: 32
  m_PVRSampleCount: 500
  m_PVREnvironmentSampleCount: 500
  m_PVREnvironmentReferencePointCount: 2048
  m_LightProbeSampleCountMultiplier: 4
  m_PVRBounces: 2
  m_PVRMinBounces: 2
  m_PVREnvironmentMIS: 0
  m_PVRFilteringMode: 2
  m_PVRDenoiserTypeDirect: 0
  m_PVRDenoiserTypeIndirect: 0
  m_PVRDenoiserTypeAO: 0
  m_PVRFilterTypeDirect: 0
  m_PVRFilterTypeIndirect: 0
  m_PVRFilterTypeAO: 0
  m_PVRFilteringGaussRadiusDirect: 1
  m_PVRFilteringGaussRadiusIndirect: 5
  m_PVRFilteringGaussRadiusAO: 2
  m_PVRFilteringAtrousPositionSigmaDirect: 0.5
  m_PVRFilteringAtrousPositionSigmaIndirect: 2
  m_PVRFilteringAtrousPositionSigmaAO: 1
  m_PVRTiledBaking: 0
--- !u!1001 &674744087
PrefabInstance:
  m_ObjectHideFlags: 0
  serializedVersion: 2
  m_Modification:
    m_TransformParent: {fileID: 1494325979}
    m_Modifications:
    - target: {fileID: 145898, guid: f58a667c8217aaf42b28e20ef609767b, type: 3}
      propertyPath: m_Name
      value: Platform1000x100 (6)
      objectReference: {fileID: 0}
    - target: {fileID: 471364, guid: f58a667c8217aaf42b28e20ef609767b, type: 3}
      propertyPath: m_RootOrder
      value: 3
      objectReference: {fileID: 0}
    - target: {fileID: 471364, guid: f58a667c8217aaf42b28e20ef609767b, type: 3}
      propertyPath: m_LocalScale.x
      value: 2.071289
      objectReference: {fileID: 0}
    - target: {fileID: 471364, guid: f58a667c8217aaf42b28e20ef609767b, type: 3}
      propertyPath: m_LocalPosition.x
      value: -9.37
      objectReference: {fileID: 0}
    - target: {fileID: 471364, guid: f58a667c8217aaf42b28e20ef609767b, type: 3}
      propertyPath: m_LocalPosition.y
      value: -1.46
      objectReference: {fileID: 0}
    - target: {fileID: 471364, guid: f58a667c8217aaf42b28e20ef609767b, type: 3}
      propertyPath: m_LocalPosition.z
      value: 0
      objectReference: {fileID: 0}
    - target: {fileID: 471364, guid: f58a667c8217aaf42b28e20ef609767b, type: 3}
      propertyPath: m_LocalRotation.w
      value: 1
      objectReference: {fileID: 0}
    - target: {fileID: 471364, guid: f58a667c8217aaf42b28e20ef609767b, type: 3}
      propertyPath: m_LocalRotation.x
      value: 0
      objectReference: {fileID: 0}
    - target: {fileID: 471364, guid: f58a667c8217aaf42b28e20ef609767b, type: 3}
      propertyPath: m_LocalRotation.y
      value: 0
      objectReference: {fileID: 0}
    - target: {fileID: 471364, guid: f58a667c8217aaf42b28e20ef609767b, type: 3}
      propertyPath: m_LocalRotation.z
      value: 0
      objectReference: {fileID: 0}
    m_RemovedComponents: []
  m_SourcePrefab: {fileID: 100100000, guid: f58a667c8217aaf42b28e20ef609767b, type: 3}
--- !u!4 &753413313 stripped
Transform:
  m_CorrespondingSourceObject: {fileID: 408230, guid: ce0837de5d2b5d140aea3195484dca8a,
    type: 3}
  m_PrefabInstance: {fileID: 1901043347}
  m_PrefabAsset: {fileID: 0}
--- !u!1001 &835818116
PrefabInstance:
  m_ObjectHideFlags: 0
  serializedVersion: 2
  m_Modification:
    m_TransformParent: {fileID: 0}
    m_Modifications:
    - target: {fileID: 144022, guid: 785c05b96cadce14787bddd4f4fbb4ca, type: 3}
      propertyPath: m_Name
      value: Blob
      objectReference: {fileID: 0}
    - target: {fileID: 457486, guid: 785c05b96cadce14787bddd4f4fbb4ca, type: 3}
      propertyPath: m_RootOrder
      value: 1
      objectReference: {fileID: 0}
    - target: {fileID: 457486, guid: 785c05b96cadce14787bddd4f4fbb4ca, type: 3}
      propertyPath: m_LocalScale.x
      value: 1.3701558
      objectReference: {fileID: 0}
    - target: {fileID: 457486, guid: 785c05b96cadce14787bddd4f4fbb4ca, type: 3}
      propertyPath: m_LocalScale.y
      value: 1.5334297
      objectReference: {fileID: 0}
    - target: {fileID: 457486, guid: 785c05b96cadce14787bddd4f4fbb4ca, type: 3}
      propertyPath: m_LocalPosition.x
      value: 28.1809
      objectReference: {fileID: 0}
    - target: {fileID: 457486, guid: 785c05b96cadce14787bddd4f4fbb4ca, type: 3}
      propertyPath: m_LocalPosition.y
      value: 0.4
      objectReference: {fileID: 0}
    - target: {fileID: 457486, guid: 785c05b96cadce14787bddd4f4fbb4ca, type: 3}
      propertyPath: m_LocalPosition.z
      value: -1
      objectReference: {fileID: 0}
    - target: {fileID: 457486, guid: 785c05b96cadce14787bddd4f4fbb4ca, type: 3}
      propertyPath: m_LocalRotation.w
      value: 1
      objectReference: {fileID: 0}
    - target: {fileID: 457486, guid: 785c05b96cadce14787bddd4f4fbb4ca, type: 3}
      propertyPath: m_LocalRotation.x
      value: 0
      objectReference: {fileID: 0}
    - target: {fileID: 457486, guid: 785c05b96cadce14787bddd4f4fbb4ca, type: 3}
      propertyPath: m_LocalRotation.y
      value: 0
      objectReference: {fileID: 0}
    - target: {fileID: 457486, guid: 785c05b96cadce14787bddd4f4fbb4ca, type: 3}
      propertyPath: m_LocalRotation.z
      value: 0
      objectReference: {fileID: 0}
    - target: {fileID: 457486, guid: 785c05b96cadce14787bddd4f4fbb4ca, type: 3}
      propertyPath: m_LocalEulerAnglesHint.x
      value: 0
      objectReference: {fileID: 0}
    - target: {fileID: 457486, guid: 785c05b96cadce14787bddd4f4fbb4ca, type: 3}
      propertyPath: m_LocalEulerAnglesHint.y
      value: 0
      objectReference: {fileID: 0}
    - target: {fileID: 457486, guid: 785c05b96cadce14787bddd4f4fbb4ca, type: 3}
      propertyPath: m_LocalEulerAnglesHint.z
      value: 0
      objectReference: {fileID: 0}
    - target: {fileID: 11433018, guid: 785c05b96cadce14787bddd4f4fbb4ca, type: 3}
      propertyPath: InvincibilityDuration
      value: 0.2
      objectReference: {fileID: 0}
    - target: {fileID: 11458864, guid: 785c05b96cadce14787bddd4f4fbb4ca, type: 3}
      propertyPath: InitialHealth
      value: 30
      objectReference: {fileID: 0}
    - target: {fileID: 11458864, guid: 785c05b96cadce14787bddd4f4fbb4ca, type: 3}
      propertyPath: MaximumHealth
      value: 30
      objectReference: {fileID: 0}
    - target: {fileID: 11458864, guid: 785c05b96cadce14787bddd4f4fbb4ca, type: 3}
      propertyPath: DelayBeforeDestruction
      value: 0.5
      objectReference: {fileID: 0}
    - target: {fileID: 11479552, guid: 785c05b96cadce14787bddd4f4fbb4ca, type: 3}
      propertyPath: InvincibilityDuration
      value: 4
      objectReference: {fileID: 0}
    - target: {fileID: 114000012715910344, guid: 785c05b96cadce14787bddd4f4fbb4ca,
        type: 3}
      propertyPath: WalkSpeed
      value: 20
      objectReference: {fileID: 0}
    m_RemovedComponents: []
  m_SourcePrefab: {fileID: 100100000, guid: 785c05b96cadce14787bddd4f4fbb4ca, type: 3}
--- !u!4 &845860826 stripped
Transform:
  m_CorrespondingSourceObject: {fileID: 408230, guid: ce0837de5d2b5d140aea3195484dca8a,
    type: 3}
  m_PrefabInstance: {fileID: 416704431}
  m_PrefabAsset: {fileID: 0}
--- !u!4 &861793943 stripped
Transform:
  m_CorrespondingSourceObject: {fileID: 408230, guid: ce0837de5d2b5d140aea3195484dca8a,
    type: 3}
  m_PrefabInstance: {fileID: 2025839960}
  m_PrefabAsset: {fileID: 0}
--- !u!1 &899213470 stripped
GameObject:
  m_CorrespondingSourceObject: {fileID: 108046, guid: ce0837de5d2b5d140aea3195484dca8a,
    type: 3}
  m_PrefabInstance: {fileID: 1658850018}
  m_PrefabAsset: {fileID: 0}
--- !u!1001 &915886020
PrefabInstance:
  m_ObjectHideFlags: 0
  serializedVersion: 2
  m_Modification:
    m_TransformParent: {fileID: 0}
    m_Modifications:
    - target: {fileID: 185888, guid: 6c2ed73007b52d34b9898edef9ad7862, type: 3}
      propertyPath: m_Name
      value: Puerta
      objectReference: {fileID: 0}
    - target: {fileID: 185888, guid: 6c2ed73007b52d34b9898edef9ad7862, type: 3}
      propertyPath: m_Layer
      value: 0
      objectReference: {fileID: 0}
    - target: {fileID: 185888, guid: 6c2ed73007b52d34b9898edef9ad7862, type: 3}
      propertyPath: m_IsActive
      value: 1
      objectReference: {fileID: 0}
    - target: {fileID: 403118, guid: 6c2ed73007b52d34b9898edef9ad7862, type: 3}
      propertyPath: m_RootOrder
      value: 7
      objectReference: {fileID: 0}
    - target: {fileID: 403118, guid: 6c2ed73007b52d34b9898edef9ad7862, type: 3}
      propertyPath: m_LocalScale.x
      value: 1.421
      objectReference: {fileID: 0}
    - target: {fileID: 403118, guid: 6c2ed73007b52d34b9898edef9ad7862, type: 3}
      propertyPath: m_LocalScale.y
      value: 1.1402999
      objectReference: {fileID: 0}
    - target: {fileID: 403118, guid: 6c2ed73007b52d34b9898edef9ad7862, type: 3}
      propertyPath: m_LocalPosition.x
      value: 52.66
      objectReference: {fileID: 0}
    - target: {fileID: 403118, guid: 6c2ed73007b52d34b9898edef9ad7862, type: 3}
      propertyPath: m_LocalPosition.y
      value: -4.24
      objectReference: {fileID: 0}
    - target: {fileID: 403118, guid: 6c2ed73007b52d34b9898edef9ad7862, type: 3}
      propertyPath: m_LocalPosition.z
      value: 0
      objectReference: {fileID: 0}
    - target: {fileID: 403118, guid: 6c2ed73007b52d34b9898edef9ad7862, type: 3}
      propertyPath: m_LocalRotation.w
      value: 1
      objectReference: {fileID: 0}
    - target: {fileID: 403118, guid: 6c2ed73007b52d34b9898edef9ad7862, type: 3}
      propertyPath: m_LocalRotation.x
      value: -0
      objectReference: {fileID: 0}
    - target: {fileID: 403118, guid: 6c2ed73007b52d34b9898edef9ad7862, type: 3}
      propertyPath: m_LocalRotation.y
      value: -0
      objectReference: {fileID: 0}
    - target: {fileID: 403118, guid: 6c2ed73007b52d34b9898edef9ad7862, type: 3}
      propertyPath: m_LocalRotation.z
      value: -0
      objectReference: {fileID: 0}
    - target: {fileID: 403118, guid: 6c2ed73007b52d34b9898edef9ad7862, type: 3}
      propertyPath: m_LocalEulerAnglesHint.x
      value: 0
      objectReference: {fileID: 0}
    - target: {fileID: 403118, guid: 6c2ed73007b52d34b9898edef9ad7862, type: 3}
      propertyPath: m_LocalEulerAnglesHint.y
      value: 0
      objectReference: {fileID: 0}
    - target: {fileID: 403118, guid: 6c2ed73007b52d34b9898edef9ad7862, type: 3}
      propertyPath: m_LocalEulerAnglesHint.z
      value: 0
      objectReference: {fileID: 0}
    - target: {fileID: 11403552, guid: 6c2ed73007b52d34b9898edef9ad7862, type: 3}
      propertyPath: LevelName
      value: level3 Hard
      objectReference: {fileID: 0}
    - target: {fileID: 21204224, guid: 6c2ed73007b52d34b9898edef9ad7862, type: 3}
      propertyPath: m_SortingLayer
      value: 3
      objectReference: {fileID: 0}
    - target: {fileID: 21204224, guid: 6c2ed73007b52d34b9898edef9ad7862, type: 3}
      propertyPath: m_SortingLayerID
      value: 600026165
      objectReference: {fileID: 0}
    m_RemovedComponents: []
  m_SourcePrefab: {fileID: 100100000, guid: 6c2ed73007b52d34b9898edef9ad7862, type: 3}
--- !u!1001 &920433731
PrefabInstance:
  m_ObjectHideFlags: 0
  serializedVersion: 2
  m_Modification:
    m_TransformParent: {fileID: 1858949006}
    m_Modifications:
    - target: {fileID: 400000, guid: 7a343ffc127af4b41b1e509d55d21956, type: 3}
      propertyPath: m_RootOrder
      value: 1
      objectReference: {fileID: 0}
    - target: {fileID: 400000, guid: 7a343ffc127af4b41b1e509d55d21956, type: 3}
      propertyPath: m_LocalPosition.x
      value: -18.5
      objectReference: {fileID: 0}
    - target: {fileID: 400000, guid: 7a343ffc127af4b41b1e509d55d21956, type: 3}
      propertyPath: m_LocalPosition.y
      value: -4.1
      objectReference: {fileID: 0}
    - target: {fileID: 400000, guid: 7a343ffc127af4b41b1e509d55d21956, type: 3}
      propertyPath: m_LocalPosition.z
      value: 0
      objectReference: {fileID: 0}
    - target: {fileID: 400000, guid: 7a343ffc127af4b41b1e509d55d21956, type: 3}
      propertyPath: m_LocalRotation.w
      value: 1
      objectReference: {fileID: 0}
    - target: {fileID: 400000, guid: 7a343ffc127af4b41b1e509d55d21956, type: 3}
      propertyPath: m_LocalRotation.x
      value: 0
      objectReference: {fileID: 0}
    - target: {fileID: 400000, guid: 7a343ffc127af4b41b1e509d55d21956, type: 3}
      propertyPath: m_LocalRotation.y
      value: 0
      objectReference: {fileID: 0}
    - target: {fileID: 400000, guid: 7a343ffc127af4b41b1e509d55d21956, type: 3}
      propertyPath: m_LocalRotation.z
      value: 0
      objectReference: {fileID: 0}
    m_RemovedComponents: []
  m_SourcePrefab: {fileID: 100100000, guid: 7a343ffc127af4b41b1e509d55d21956, type: 3}
--- !u!1001 &966346744
PrefabInstance:
  m_ObjectHideFlags: 0
  serializedVersion: 2
  m_Modification:
    m_TransformParent: {fileID: 0}
    m_Modifications:
    - target: {fileID: 3861961496447232668, guid: 6be6b5536e7cdfa4b8dea369e32707e5,
        type: 3}
      propertyPath: m_Name
      value: MMSoundManager
      objectReference: {fileID: 0}
    - target: {fileID: 3861961496447232670, guid: 6be6b5536e7cdfa4b8dea369e32707e5,
        type: 3}
      propertyPath: m_RootOrder
      value: 2
      objectReference: {fileID: 0}
    - target: {fileID: 3861961496447232670, guid: 6be6b5536e7cdfa4b8dea369e32707e5,
        type: 3}
      propertyPath: m_LocalPosition.x
      value: -70.444
      objectReference: {fileID: 0}
    - target: {fileID: 3861961496447232670, guid: 6be6b5536e7cdfa4b8dea369e32707e5,
        type: 3}
      propertyPath: m_LocalPosition.y
      value: -0.59003973
      objectReference: {fileID: 0}
    - target: {fileID: 3861961496447232670, guid: 6be6b5536e7cdfa4b8dea369e32707e5,
        type: 3}
      propertyPath: m_LocalPosition.z
      value: -35.36035
      objectReference: {fileID: 0}
    - target: {fileID: 3861961496447232670, guid: 6be6b5536e7cdfa4b8dea369e32707e5,
        type: 3}
      propertyPath: m_LocalRotation.w
      value: 1
      objectReference: {fileID: 0}
    - target: {fileID: 3861961496447232670, guid: 6be6b5536e7cdfa4b8dea369e32707e5,
        type: 3}
      propertyPath: m_LocalRotation.x
      value: 0
      objectReference: {fileID: 0}
    - target: {fileID: 3861961496447232670, guid: 6be6b5536e7cdfa4b8dea369e32707e5,
        type: 3}
      propertyPath: m_LocalRotation.y
      value: 0
      objectReference: {fileID: 0}
    - target: {fileID: 3861961496447232670, guid: 6be6b5536e7cdfa4b8dea369e32707e5,
        type: 3}
      propertyPath: m_LocalRotation.z
      value: 0
      objectReference: {fileID: 0}
    - target: {fileID: 3861961496447232670, guid: 6be6b5536e7cdfa4b8dea369e32707e5,
        type: 3}
      propertyPath: m_LocalEulerAnglesHint.x
      value: 0
      objectReference: {fileID: 0}
    - target: {fileID: 3861961496447232670, guid: 6be6b5536e7cdfa4b8dea369e32707e5,
        type: 3}
      propertyPath: m_LocalEulerAnglesHint.y
      value: 0
      objectReference: {fileID: 0}
    - target: {fileID: 3861961496447232670, guid: 6be6b5536e7cdfa4b8dea369e32707e5,
        type: 3}
      propertyPath: m_LocalEulerAnglesHint.z
      value: 0
      objectReference: {fileID: 0}
    m_RemovedComponents: []
  m_SourcePrefab: {fileID: 100100000, guid: 6be6b5536e7cdfa4b8dea369e32707e5, type: 3}
--- !u!1 &1072031669
GameObject:
  m_ObjectHideFlags: 0
  m_CorrespondingSourceObject: {fileID: 0}
  m_PrefabInstance: {fileID: 0}
  m_PrefabAsset: {fileID: 0}
  serializedVersion: 6
  m_Component:
  - component: {fileID: 1072031673}
  - component: {fileID: 1072031672}
  - component: {fileID: 1072031671}
  - component: {fileID: 1072031670}
  m_Layer: 22
  m_Name: Background
  m_TagString: Untagged
  m_Icon: {fileID: 0}
  m_NavMeshLayer: 0
  m_StaticEditorFlags: 0
  m_IsActive: 0
--- !u!23 &1072031670
MeshRenderer:
  m_ObjectHideFlags: 0
  m_CorrespondingSourceObject: {fileID: 0}
  m_PrefabInstance: {fileID: 0}
  m_PrefabAsset: {fileID: 0}
  m_GameObject: {fileID: 1072031669}
  m_Enabled: 1
  m_CastShadows: 1
  m_ReceiveShadows: 1
  m_DynamicOccludee: 1
  m_StaticShadowCaster: 0
  m_MotionVectors: 1
  m_LightProbeUsage: 1
  m_ReflectionProbeUsage: 1
  m_RayTracingMode: 2
  m_RayTraceProcedural: 0
  m_RenderingLayerMask: 4294967295
  m_RendererPriority: 0
  m_Materials:
  - {fileID: 2100000, guid: 133b0ff1159ab7b4298b20c9f9fb75fa, type: 2}
  m_StaticBatchInfo:
    firstSubMesh: 0
    subMeshCount: 0
  m_StaticBatchRoot: {fileID: 0}
  m_ProbeAnchor: {fileID: 0}
  m_LightProbeVolumeOverride: {fileID: 0}
  m_ScaleInLightmap: 1
  m_ReceiveGI: 1
  m_PreserveUVs: 1
  m_IgnoreNormalsForChartDetection: 0
  m_ImportantGI: 0
  m_StitchLightmapSeams: 0
  m_SelectedEditorRenderState: 3
  m_MinimumChartSize: 4
  m_AutoUVMaxDistance: 0.5
  m_AutoUVMaxAngle: 89
  m_LightmapParameters: {fileID: 0}
  m_SortingLayerID: -1620175883
  m_SortingLayer: -2
  m_SortingOrder: 0
  m_AdditionalVertexStreams: {fileID: 0}
--- !u!64 &1072031671
MeshCollider:
  m_ObjectHideFlags: 0
  m_CorrespondingSourceObject: {fileID: 0}
  m_PrefabInstance: {fileID: 0}
  m_PrefabAsset: {fileID: 0}
  m_GameObject: {fileID: 1072031669}
  m_Material: {fileID: 0}
  m_IsTrigger: 0
  m_Enabled: 1
  serializedVersion: 4
  m_Convex: 0
  m_CookingOptions: 30
  m_Mesh: {fileID: 10210, guid: 0000000000000000e000000000000000, type: 0}
--- !u!33 &1072031672
MeshFilter:
  m_ObjectHideFlags: 0
  m_CorrespondingSourceObject: {fileID: 0}
  m_PrefabInstance: {fileID: 0}
  m_PrefabAsset: {fileID: 0}
  m_GameObject: {fileID: 1072031669}
  m_Mesh: {fileID: 10210, guid: 0000000000000000e000000000000000, type: 0}
--- !u!4 &1072031673
Transform:
  m_ObjectHideFlags: 0
  m_CorrespondingSourceObject: {fileID: 0}
  m_PrefabInstance: {fileID: 0}
  m_PrefabAsset: {fileID: 0}
  m_GameObject: {fileID: 1072031669}
  m_LocalRotation: {x: 0, y: 0, z: 0, w: 1}
  m_LocalPosition: {x: 36.48, y: -7.7, z: 0}
  m_LocalScale: {x: 512, y: 512, z: 1}
  m_ConstrainProportionsScale: 0
  m_Children: []
  m_Father: {fileID: 1494325979}
  m_RootOrder: 0
  m_LocalEulerAnglesHint: {x: 0, y: 0, z: 0}
--- !u!4 &1111528588 stripped
Transform:
  m_CorrespondingSourceObject: {fileID: 408230, guid: ce0837de5d2b5d140aea3195484dca8a,
    type: 3}
  m_PrefabInstance: {fileID: 1906172839}
  m_PrefabAsset: {fileID: 0}
--- !u!4 &1118322310 stripped
Transform:
  m_CorrespondingSourceObject: {fileID: 408230, guid: ce0837de5d2b5d140aea3195484dca8a,
    type: 3}
  m_PrefabInstance: {fileID: 411540171}
  m_PrefabAsset: {fileID: 0}
--- !u!114 &1132044354 stripped
MonoBehaviour:
  m_CorrespondingSourceObject: {fileID: 11400000, guid: 7a343ffc127af4b41b1e509d55d21956,
    type: 3}
  m_PrefabInstance: {fileID: 920433731}
  m_PrefabAsset: {fileID: 0}
  m_GameObject: {fileID: 0}
  m_Enabled: 1
  m_EditorHideFlags: 0
  m_Script: {fileID: 11500000, guid: 923a01d66c4618446abb082250646478, type: 3}
  m_Name: 
  m_EditorClassIdentifier: 
--- !u!4 &1374422283 stripped
Transform:
  m_CorrespondingSourceObject: {fileID: 408230, guid: ce0837de5d2b5d140aea3195484dca8a,
    type: 3}
  m_PrefabInstance: {fileID: 411528085}
  m_PrefabAsset: {fileID: 0}
--- !u!4 &1388958963 stripped
Transform:
  m_CorrespondingSourceObject: {fileID: 408230, guid: ce0837de5d2b5d140aea3195484dca8a,
    type: 3}
  m_PrefabInstance: {fileID: 1720294464}
  m_PrefabAsset: {fileID: 0}
--- !u!1001 &1439937471
PrefabInstance:
  m_ObjectHideFlags: 0
  serializedVersion: 2
  m_Modification:
    m_TransformParent: {fileID: 1494325979}
    m_Modifications:
    - target: {fileID: 108046, guid: ce0837de5d2b5d140aea3195484dca8a, type: 3}
      propertyPath: m_Name
      value: Platform100x1000 (8)
      objectReference: {fileID: 0}
    - target: {fileID: 408230, guid: ce0837de5d2b5d140aea3195484dca8a, type: 3}
      propertyPath: m_RootOrder
      value: 7
      objectReference: {fileID: 0}
    - target: {fileID: 408230, guid: ce0837de5d2b5d140aea3195484dca8a, type: 3}
      propertyPath: m_LocalScale.x
      value: 26.31849
      objectReference: {fileID: 0}
    - target: {fileID: 408230, guid: ce0837de5d2b5d140aea3195484dca8a, type: 3}
      propertyPath: m_LocalScale.y
      value: 0.7081472
      objectReference: {fileID: 0}
    - target: {fileID: 408230, guid: ce0837de5d2b5d140aea3195484dca8a, type: 3}
      propertyPath: m_LocalPosition.x
      value: 22.0124
      objectReference: {fileID: 0}
    - target: {fileID: 408230, guid: ce0837de5d2b5d140aea3195484dca8a, type: 3}
      propertyPath: m_LocalPosition.y
      value: -3.4147
      objectReference: {fileID: 0}
    - target: {fileID: 408230, guid: ce0837de5d2b5d140aea3195484dca8a, type: 3}
      propertyPath: m_LocalPosition.z
      value: 0
      objectReference: {fileID: 0}
    - target: {fileID: 408230, guid: ce0837de5d2b5d140aea3195484dca8a, type: 3}
      propertyPath: m_LocalRotation.w
      value: 1
      objectReference: {fileID: 0}
    - target: {fileID: 408230, guid: ce0837de5d2b5d140aea3195484dca8a, type: 3}
      propertyPath: m_LocalRotation.x
      value: 0
      objectReference: {fileID: 0}
    - target: {fileID: 408230, guid: ce0837de5d2b5d140aea3195484dca8a, type: 3}
      propertyPath: m_LocalRotation.y
      value: 0
      objectReference: {fileID: 0}
    - target: {fileID: 408230, guid: ce0837de5d2b5d140aea3195484dca8a, type: 3}
      propertyPath: m_LocalRotation.z
      value: 0
      objectReference: {fileID: 0}
    m_RemovedComponents: []
  m_SourcePrefab: {fileID: 100100000, guid: ce0837de5d2b5d140aea3195484dca8a, type: 3}
--- !u!1 &1494325978
GameObject:
  m_ObjectHideFlags: 0
  m_CorrespondingSourceObject: {fileID: 0}
  m_PrefabInstance: {fileID: 0}
  m_PrefabAsset: {fileID: 0}
  serializedVersion: 6
  m_Component:
  - component: {fileID: 1494325979}
  m_Layer: 0
  m_Name: OptionalPlatforms
  m_TagString: Untagged
  m_Icon: {fileID: 0}
  m_NavMeshLayer: 0
  m_StaticEditorFlags: 0
  m_IsActive: 1
--- !u!4 &1494325979
Transform:
  m_ObjectHideFlags: 0
  m_CorrespondingSourceObject: {fileID: 0}
  m_PrefabInstance: {fileID: 0}
  m_PrefabAsset: {fileID: 0}
  m_GameObject: {fileID: 1494325978}
  m_LocalRotation: {x: 0, y: 0, z: 0, w: 1}
  m_LocalPosition: {x: 0, y: 0, z: 0}
  m_LocalScale: {x: 1, y: 1, z: 1}
  m_ConstrainProportionsScale: 0
  m_Children:
  - {fileID: 1072031673}
  - {fileID: 420936718}
  - {fileID: 2010980462}
  - {fileID: 1857277200}
  - {fileID: 1948195014}
  - {fileID: 1388958963}
  - {fileID: 1728088877}
  - {fileID: 1684004149}
  - {fileID: 365328089}
  - {fileID: 348403458}
  - {fileID: 1118322310}
  - {fileID: 1914730758}
  - {fileID: 532928530}
  - {fileID: 1507978091}
  - {fileID: 753413313}
  - {fileID: 1111528588}
  - {fileID: 845860826}
  - {fileID: 861793943}
  - {fileID: 1374422283}
  m_Father: {fileID: 1858949006}
  m_RootOrder: 0
  m_LocalEulerAnglesHint: {x: 0, y: 0, z: 0}
--- !u!4 &1505988468 stripped
Transform:
  m_CorrespondingSourceObject: {fileID: 400000, guid: 7a343ffc127af4b41b1e509d55d21956,
    type: 3}
  m_PrefabInstance: {fileID: 920433731}
  m_PrefabAsset: {fileID: 0}
--- !u!4 &1507978091 stripped
Transform:
  m_CorrespondingSourceObject: {fileID: 471364, guid: f58a667c8217aaf42b28e20ef609767b,
    type: 3}
  m_PrefabInstance: {fileID: 279751735}
  m_PrefabAsset: {fileID: 0}
--- !u!1001 &1613876965
PrefabInstance:
  m_ObjectHideFlags: 0
  serializedVersion: 2
  m_Modification:
    m_TransformParent: {fileID: 1494325979}
    m_Modifications:
    - target: {fileID: 145898, guid: f58a667c8217aaf42b28e20ef609767b, type: 3}
      propertyPath: m_Name
      value: Platform1000x100 (7)
      objectReference: {fileID: 0}
    - target: {fileID: 471364, guid: f58a667c8217aaf42b28e20ef609767b, type: 3}
      propertyPath: m_RootOrder
      value: 4
      objectReference: {fileID: 0}
    - target: {fileID: 471364, guid: f58a667c8217aaf42b28e20ef609767b, type: 3}
      propertyPath: m_LocalScale.x
      value: 2.071289
      objectReference: {fileID: 0}
    - target: {fileID: 471364, guid: f58a667c8217aaf42b28e20ef609767b, type: 3}
      propertyPath: m_LocalPosition.x
      value: -9.29
      objectReference: {fileID: 0}
    - target: {fileID: 471364, guid: f58a667c8217aaf42b28e20ef609767b, type: 3}
      propertyPath: m_LocalPosition.y
      value: -5.55
      objectReference: {fileID: 0}
    - target: {fileID: 471364, guid: f58a667c8217aaf42b28e20ef609767b, type: 3}
      propertyPath: m_LocalPosition.z
      value: 0
      objectReference: {fileID: 0}
    - target: {fileID: 471364, guid: f58a667c8217aaf42b28e20ef609767b, type: 3}
      propertyPath: m_LocalRotation.w
      value: 1
      objectReference: {fileID: 0}
    - target: {fileID: 471364, guid: f58a667c8217aaf42b28e20ef609767b, type: 3}
      propertyPath: m_LocalRotation.x
      value: 0
      objectReference: {fileID: 0}
    - target: {fileID: 471364, guid: f58a667c8217aaf42b28e20ef609767b, type: 3}
      propertyPath: m_LocalRotation.y
      value: 0
      objectReference: {fileID: 0}
    - target: {fileID: 471364, guid: f58a667c8217aaf42b28e20ef609767b, type: 3}
      propertyPath: m_LocalRotation.z
      value: 0
      objectReference: {fileID: 0}
    m_RemovedComponents: []
  m_SourcePrefab: {fileID: 100100000, guid: f58a667c8217aaf42b28e20ef609767b, type: 3}
--- !u!1001 &1658850018
PrefabInstance:
  m_ObjectHideFlags: 0
  serializedVersion: 2
  m_Modification:
    m_TransformParent: {fileID: 0}
    m_Modifications:
    - target: {fileID: 108046, guid: ce0837de5d2b5d140aea3195484dca8a, type: 3}
      propertyPath: m_Name
      value: ParedFinal
      objectReference: {fileID: 0}
    - target: {fileID: 408230, guid: ce0837de5d2b5d140aea3195484dca8a, type: 3}
      propertyPath: m_RootOrder
      value: 8
      objectReference: {fileID: 0}
    - target: {fileID: 408230, guid: ce0837de5d2b5d140aea3195484dca8a, type: 3}
      propertyPath: m_LocalScale.x
      value: 0.66405237
      objectReference: {fileID: 0}
    - target: {fileID: 408230, guid: ce0837de5d2b5d140aea3195484dca8a, type: 3}
      propertyPath: m_LocalScale.y
      value: 0.33729005
      objectReference: {fileID: 0}
    - target: {fileID: 408230, guid: ce0837de5d2b5d140aea3195484dca8a, type: 3}
      propertyPath: m_LocalPosition.x
      value: 49.96
      objectReference: {fileID: 0}
    - target: {fileID: 408230, guid: ce0837de5d2b5d140aea3195484dca8a, type: 3}
      propertyPath: m_LocalPosition.y
      value: -3.66
      objectReference: {fileID: 0}
    - target: {fileID: 408230, guid: ce0837de5d2b5d140aea3195484dca8a, type: 3}
      propertyPath: m_LocalPosition.z
      value: 0
      objectReference: {fileID: 0}
    - target: {fileID: 408230, guid: ce0837de5d2b5d140aea3195484dca8a, type: 3}
      propertyPath: m_LocalRotation.w
      value: 1
      objectReference: {fileID: 0}
    - target: {fileID: 408230, guid: ce0837de5d2b5d140aea3195484dca8a, type: 3}
      propertyPath: m_LocalRotation.x
      value: -0
      objectReference: {fileID: 0}
    - target: {fileID: 408230, guid: ce0837de5d2b5d140aea3195484dca8a, type: 3}
      propertyPath: m_LocalRotation.y
      value: -0
      objectReference: {fileID: 0}
    - target: {fileID: 408230, guid: ce0837de5d2b5d140aea3195484dca8a, type: 3}
      propertyPath: m_LocalRotation.z
      value: -0
      objectReference: {fileID: 0}
    - target: {fileID: 21229680, guid: ce0837de5d2b5d140aea3195484dca8a, type: 3}
      propertyPath: m_Color.b
      value: 0
      objectReference: {fileID: 0}
    - target: {fileID: 21229680, guid: ce0837de5d2b5d140aea3195484dca8a, type: 3}
      propertyPath: m_Color.g
      value: 0
      objectReference: {fileID: 0}
    - target: {fileID: 21229680, guid: ce0837de5d2b5d140aea3195484dca8a, type: 3}
      propertyPath: m_Color.r
      value: 0
      objectReference: {fileID: 0}
    m_RemovedComponents: []
  m_SourcePrefab: {fileID: 100100000, guid: ce0837de5d2b5d140aea3195484dca8a, type: 3}
--- !u!1001 &1674947919
PrefabInstance:
  m_ObjectHideFlags: 0
  serializedVersion: 2
  m_Modification:
    m_TransformParent: {fileID: 0}
    m_Modifications:
    - target: {fileID: 400002, guid: ace2d4bf56f98df4196ff81845a465d7, type: 3}
      propertyPath: m_RootOrder
      value: 3
      objectReference: {fileID: 0}
    - target: {fileID: 400002, guid: ace2d4bf56f98df4196ff81845a465d7, type: 3}
      propertyPath: m_LocalPosition.x
      value: -51.9
      objectReference: {fileID: 0}
    - target: {fileID: 400002, guid: ace2d4bf56f98df4196ff81845a465d7, type: 3}
      propertyPath: m_LocalPosition.y
      value: -1.8
      objectReference: {fileID: 0}
    - target: {fileID: 400002, guid: ace2d4bf56f98df4196ff81845a465d7, type: 3}
      propertyPath: m_LocalPosition.z
      value: -28.6
      objectReference: {fileID: 0}
    - target: {fileID: 400002, guid: ace2d4bf56f98df4196ff81845a465d7, type: 3}
      propertyPath: m_LocalRotation.w
      value: 1
      objectReference: {fileID: 0}
    - target: {fileID: 400002, guid: ace2d4bf56f98df4196ff81845a465d7, type: 3}
      propertyPath: m_LocalRotation.x
      value: 0
      objectReference: {fileID: 0}
    - target: {fileID: 400002, guid: ace2d4bf56f98df4196ff81845a465d7, type: 3}
      propertyPath: m_LocalRotation.y
      value: 0
      objectReference: {fileID: 0}
    - target: {fileID: 400002, guid: ace2d4bf56f98df4196ff81845a465d7, type: 3}
      propertyPath: m_LocalRotation.z
      value: 0
      objectReference: {fileID: 0}
    - target: {fileID: 11469452, guid: ace2d4bf56f98df4196ff81845a465d7, type: 3}
      propertyPath: ForcedMode
      value: 0
      objectReference: {fileID: 0}
    - target: {fileID: 22425704, guid: ace2d4bf56f98df4196ff81845a465d7, type: 3}
      propertyPath: m_AnchoredPosition.x
      value: 153.89996
      objectReference: {fileID: 0}
    - target: {fileID: 22425704, guid: ace2d4bf56f98df4196ff81845a465d7, type: 3}
      propertyPath: m_AnchoredPosition.y
      value: -71.399994
      objectReference: {fileID: 0}
    - target: {fileID: 22449008, guid: ace2d4bf56f98df4196ff81845a465d7, type: 3}
      propertyPath: m_AnchoredPosition.y
      value: -28.000122
      objectReference: {fileID: 0}
    m_RemovedComponents: []
  m_SourcePrefab: {fileID: 100100000, guid: ace2d4bf56f98df4196ff81845a465d7, type: 3}
--- !u!4 &1684004149 stripped
Transform:
  m_CorrespondingSourceObject: {fileID: 408230, guid: ce0837de5d2b5d140aea3195484dca8a,
    type: 3}
  m_PrefabInstance: {fileID: 1439937471}
  m_PrefabAsset: {fileID: 0}
--- !u!1001 &1697003742
PrefabInstance:
  m_ObjectHideFlags: 0
  serializedVersion: 2
  m_Modification:
    m_TransformParent: {fileID: 0}
    m_Modifications:
    - target: {fileID: 490956, guid: 6059d977d1f210348bfbe1a82f4f9883, type: 3}
      propertyPath: m_RootOrder
      value: 0
      objectReference: {fileID: 0}
    - target: {fileID: 490956, guid: 6059d977d1f210348bfbe1a82f4f9883, type: 3}
      propertyPath: m_LocalPosition.x
      value: -27.8
      objectReference: {fileID: 0}
    - target: {fileID: 490956, guid: 6059d977d1f210348bfbe1a82f4f9883, type: 3}
      propertyPath: m_LocalPosition.y
      value: 0.07
      objectReference: {fileID: 0}
    - target: {fileID: 490956, guid: 6059d977d1f210348bfbe1a82f4f9883, type: 3}
      propertyPath: m_LocalPosition.z
      value: 100
      objectReference: {fileID: 0}
    - target: {fileID: 490956, guid: 6059d977d1f210348bfbe1a82f4f9883, type: 3}
      propertyPath: m_LocalRotation.w
      value: 1
      objectReference: {fileID: 0}
    - target: {fileID: 490956, guid: 6059d977d1f210348bfbe1a82f4f9883, type: 3}
      propertyPath: m_LocalRotation.x
      value: 0
      objectReference: {fileID: 0}
    - target: {fileID: 490956, guid: 6059d977d1f210348bfbe1a82f4f9883, type: 3}
      propertyPath: m_LocalRotation.y
      value: 0
      objectReference: {fileID: 0}
    - target: {fileID: 490956, guid: 6059d977d1f210348bfbe1a82f4f9883, type: 3}
      propertyPath: m_LocalRotation.z
      value: 0
      objectReference: {fileID: 0}
    m_RemovedComponents: []
  m_SourcePrefab: {fileID: 100100000, guid: 6059d977d1f210348bfbe1a82f4f9883, type: 3}
--- !u!1001 &1720294464
PrefabInstance:
  m_ObjectHideFlags: 0
  serializedVersion: 2
  m_Modification:
    m_TransformParent: {fileID: 1494325979}
    m_Modifications:
    - target: {fileID: 108046, guid: ce0837de5d2b5d140aea3195484dca8a, type: 3}
      propertyPath: m_Name
      value: Platform100x1000 (7)
      objectReference: {fileID: 0}
    - target: {fileID: 408230, guid: ce0837de5d2b5d140aea3195484dca8a, type: 3}
      propertyPath: m_RootOrder
      value: 5
      objectReference: {fileID: 0}
    - target: {fileID: 408230, guid: ce0837de5d2b5d140aea3195484dca8a, type: 3}
      propertyPath: m_LocalScale.x
      value: 5.2103767
      objectReference: {fileID: 0}
    - target: {fileID: 408230, guid: ce0837de5d2b5d140aea3195484dca8a, type: 3}
      propertyPath: m_LocalScale.y
      value: 0.5617396
      objectReference: {fileID: 0}
    - target: {fileID: 408230, guid: ce0837de5d2b5d140aea3195484dca8a, type: 3}
      propertyPath: m_LocalPosition.x
      value: 6.299
      objectReference: {fileID: 0}
    - target: {fileID: 408230, guid: ce0837de5d2b5d140aea3195484dca8a, type: 3}
      propertyPath: m_LocalPosition.y
      value: -4.0644
      objectReference: {fileID: 0}
    - target: {fileID: 408230, guid: ce0837de5d2b5d140aea3195484dca8a, type: 3}
      propertyPath: m_LocalPosition.z
      value: 0
      objectReference: {fileID: 0}
    - target: {fileID: 408230, guid: ce0837de5d2b5d140aea3195484dca8a, type: 3}
      propertyPath: m_LocalRotation.w
      value: 1
      objectReference: {fileID: 0}
    - target: {fileID: 408230, guid: ce0837de5d2b5d140aea3195484dca8a, type: 3}
      propertyPath: m_LocalRotation.x
      value: 0
      objectReference: {fileID: 0}
    - target: {fileID: 408230, guid: ce0837de5d2b5d140aea3195484dca8a, type: 3}
      propertyPath: m_LocalRotation.y
      value: 0
      objectReference: {fileID: 0}
    - target: {fileID: 408230, guid: ce0837de5d2b5d140aea3195484dca8a, type: 3}
      propertyPath: m_LocalRotation.z
      value: 0
      objectReference: {fileID: 0}
    m_RemovedComponents: []
  m_SourcePrefab: {fileID: 100100000, guid: ce0837de5d2b5d140aea3195484dca8a, type: 3}
--- !u!4 &1728088877 stripped
Transform:
  m_CorrespondingSourceObject: {fileID: 408230, guid: ce0837de5d2b5d140aea3195484dca8a,
    type: 3}
  m_PrefabInstance: {fileID: 1898330636}
  m_PrefabAsset: {fileID: 0}
--- !u!1001 &1736196670
PrefabInstance:
  m_ObjectHideFlags: 0
  serializedVersion: 2
  m_Modification:
    m_TransformParent: {fileID: 1494325979}
    m_Modifications:
    - target: {fileID: 108046, guid: ce0837de5d2b5d140aea3195484dca8a, type: 3}
      propertyPath: m_Name
      value: Platform100x1000 (6)
      objectReference: {fileID: 0}
    - target: {fileID: 408230, guid: ce0837de5d2b5d140aea3195484dca8a, type: 3}
      propertyPath: m_RootOrder
      value: 2
      objectReference: {fileID: 0}
    - target: {fileID: 408230, guid: ce0837de5d2b5d140aea3195484dca8a, type: 3}
      propertyPath: m_LocalScale.x
      value: 2.8903317
      objectReference: {fileID: 0}
    - target: {fileID: 408230, guid: ce0837de5d2b5d140aea3195484dca8a, type: 3}
      propertyPath: m_LocalScale.y
      value: 0.3898815
      objectReference: {fileID: 0}
    - target: {fileID: 408230, guid: ce0837de5d2b5d140aea3195484dca8a, type: 3}
      propertyPath: m_LocalPosition.x
      value: 2.3011
      objectReference: {fileID: 0}
    - target: {fileID: 408230, guid: ce0837de5d2b5d140aea3195484dca8a, type: 3}
      propertyPath: m_LocalPosition.y
      value: -6.0359
      objectReference: {fileID: 0}
    - target: {fileID: 408230, guid: ce0837de5d2b5d140aea3195484dca8a, type: 3}
      propertyPath: m_LocalPosition.z
      value: 0
      objectReference: {fileID: 0}
    - target: {fileID: 408230, guid: ce0837de5d2b5d140aea3195484dca8a, type: 3}
      propertyPath: m_LocalRotation.w
      value: 1
      objectReference: {fileID: 0}
    - target: {fileID: 408230, guid: ce0837de5d2b5d140aea3195484dca8a, type: 3}
      propertyPath: m_LocalRotation.x
      value: 0
      objectReference: {fileID: 0}
    - target: {fileID: 408230, guid: ce0837de5d2b5d140aea3195484dca8a, type: 3}
      propertyPath: m_LocalRotation.y
      value: 0
      objectReference: {fileID: 0}
    - target: {fileID: 408230, guid: ce0837de5d2b5d140aea3195484dca8a, type: 3}
      propertyPath: m_LocalRotation.z
      value: 0
      objectReference: {fileID: 0}
    m_RemovedComponents: []
  m_SourcePrefab: {fileID: 100100000, guid: ce0837de5d2b5d140aea3195484dca8a, type: 3}
--- !u!1001 &1841254648
PrefabInstance:
  m_ObjectHideFlags: 0
  serializedVersion: 2
  m_Modification:
    m_TransformParent: {fileID: 1494325979}
    m_Modifications:
    - target: {fileID: 108046, guid: ce0837de5d2b5d140aea3195484dca8a, type: 3}
      propertyPath: m_Name
      value: Platform100x1000 (9)
      objectReference: {fileID: 0}
    - target: {fileID: 408230, guid: ce0837de5d2b5d140aea3195484dca8a, type: 3}
      propertyPath: m_RootOrder
      value: 9
      objectReference: {fileID: 0}
    - target: {fileID: 408230, guid: ce0837de5d2b5d140aea3195484dca8a, type: 3}
      propertyPath: m_LocalScale.x
      value: 68.08534
      objectReference: {fileID: 0}
    - target: {fileID: 408230, guid: ce0837de5d2b5d140aea3195484dca8a, type: 3}
      propertyPath: m_LocalScale.y
      value: 0.12902962
      objectReference: {fileID: 0}
    - target: {fileID: 408230, guid: ce0837de5d2b5d140aea3195484dca8a, type: 3}
      propertyPath: m_LocalPosition.x
      value: 23.6
      objectReference: {fileID: 0}
    - target: {fileID: 408230, guid: ce0837de5d2b5d140aea3195484dca8a, type: 3}
      propertyPath: m_LocalPosition.y
      value: 12
      objectReference: {fileID: 0}
    - target: {fileID: 408230, guid: ce0837de5d2b5d140aea3195484dca8a, type: 3}
      propertyPath: m_LocalPosition.z
      value: 0
      objectReference: {fileID: 0}
    - target: {fileID: 408230, guid: ce0837de5d2b5d140aea3195484dca8a, type: 3}
      propertyPath: m_LocalRotation.w
      value: 1
      objectReference: {fileID: 0}
    - target: {fileID: 408230, guid: ce0837de5d2b5d140aea3195484dca8a, type: 3}
      propertyPath: m_LocalRotation.x
      value: 0
      objectReference: {fileID: 0}
    - target: {fileID: 408230, guid: ce0837de5d2b5d140aea3195484dca8a, type: 3}
      propertyPath: m_LocalRotation.y
      value: 0
      objectReference: {fileID: 0}
    - target: {fileID: 408230, guid: ce0837de5d2b5d140aea3195484dca8a, type: 3}
      propertyPath: m_LocalRotation.z
      value: 0
      objectReference: {fileID: 0}
    m_RemovedComponents: []
  m_SourcePrefab: {fileID: 100100000, guid: ce0837de5d2b5d140aea3195484dca8a, type: 3}
--- !u!4 &1857277200 stripped
Transform:
  m_CorrespondingSourceObject: {fileID: 471364, guid: f58a667c8217aaf42b28e20ef609767b,
    type: 3}
  m_PrefabInstance: {fileID: 674744087}
  m_PrefabAsset: {fileID: 0}
--- !u!1 &1858949005
GameObject:
  m_ObjectHideFlags: 0
  m_CorrespondingSourceObject: {fileID: 0}
  m_PrefabInstance: {fileID: 0}
  m_PrefabAsset: {fileID: 0}
  serializedVersion: 6
  m_Component:
  - component: {fileID: 1858949006}
  m_Layer: 0
  m_Name: Level
  m_TagString: Untagged
  m_Icon: {fileID: 0}
  m_NavMeshLayer: 0
  m_StaticEditorFlags: 0
  m_IsActive: 1
--- !u!4 &1858949006
Transform:
  m_ObjectHideFlags: 0
  m_CorrespondingSourceObject: {fileID: 0}
  m_PrefabInstance: {fileID: 0}
  m_PrefabAsset: {fileID: 0}
  m_GameObject: {fileID: 1858949005}
  m_LocalRotation: {x: 0, y: 0, z: 0, w: 1}
  m_LocalPosition: {x: 0, y: 0, z: 0}
  m_LocalScale: {x: 1, y: 1, z: 1}
  m_ConstrainProportionsScale: 0
  m_Children:
  - {fileID: 1494325979}
  - {fileID: 1505988468}
  m_Father: {fileID: 0}
  m_RootOrder: 10
  m_LocalEulerAnglesHint: {x: 0, y: 0, z: 0}
--- !u!1001 &1898330636
PrefabInstance:
  m_ObjectHideFlags: 0
  serializedVersion: 2
  m_Modification:
    m_TransformParent: {fileID: 1494325979}
    m_Modifications:
    - target: {fileID: 108046, guid: ce0837de5d2b5d140aea3195484dca8a, type: 3}
      propertyPath: m_Name
      value: Platform100x1000 (3)
      objectReference: {fileID: 0}
    - target: {fileID: 408230, guid: ce0837de5d2b5d140aea3195484dca8a, type: 3}
      propertyPath: m_RootOrder
      value: 6
      objectReference: {fileID: 0}
    - target: {fileID: 408230, guid: ce0837de5d2b5d140aea3195484dca8a, type: 3}
      propertyPath: m_LocalScale.x
      value: 0.74348277
      objectReference: {fileID: 0}
    - target: {fileID: 408230, guid: ce0837de5d2b5d140aea3195484dca8a, type: 3}
      propertyPath: m_LocalScale.y
      value: 0.21003623
      objectReference: {fileID: 0}
    - target: {fileID: 408230, guid: ce0837de5d2b5d140aea3195484dca8a, type: 3}
      propertyPath: m_LocalPosition.x
      value: 9.2317
      objectReference: {fileID: 0}
    - target: {fileID: 408230, guid: ce0837de5d2b5d140aea3195484dca8a, type: 3}
      propertyPath: m_LocalPosition.y
      value: 1.0899
      objectReference: {fileID: 0}
    - target: {fileID: 408230, guid: ce0837de5d2b5d140aea3195484dca8a, type: 3}
      propertyPath: m_LocalPosition.z
      value: 0
      objectReference: {fileID: 0}
    - target: {fileID: 408230, guid: ce0837de5d2b5d140aea3195484dca8a, type: 3}
      propertyPath: m_LocalRotation.w
      value: 1
      objectReference: {fileID: 0}
    - target: {fileID: 408230, guid: ce0837de5d2b5d140aea3195484dca8a, type: 3}
      propertyPath: m_LocalRotation.x
      value: 0
      objectReference: {fileID: 0}
    - target: {fileID: 408230, guid: ce0837de5d2b5d140aea3195484dca8a, type: 3}
      propertyPath: m_LocalRotation.y
      value: 0
      objectReference: {fileID: 0}
    - target: {fileID: 408230, guid: ce0837de5d2b5d140aea3195484dca8a, type: 3}
      propertyPath: m_LocalRotation.z
      value: 0
      objectReference: {fileID: 0}
    m_RemovedComponents: []
  m_SourcePrefab: {fileID: 100100000, guid: ce0837de5d2b5d140aea3195484dca8a, type: 3}
--- !u!1001 &1901043347
PrefabInstance:
  m_ObjectHideFlags: 0
  serializedVersion: 2
  m_Modification:
    m_TransformParent: {fileID: 1494325979}
    m_Modifications:
    - target: {fileID: 108046, guid: ce0837de5d2b5d140aea3195484dca8a, type: 3}
      propertyPath: m_Name
      value: Platform100x1000 (12)
      objectReference: {fileID: 0}
    - target: {fileID: 408230, guid: ce0837de5d2b5d140aea3195484dca8a, type: 3}
      propertyPath: m_RootOrder
      value: 14
      objectReference: {fileID: 0}
    - target: {fileID: 408230, guid: ce0837de5d2b5d140aea3195484dca8a, type: 3}
      propertyPath: m_LocalScale.x
      value: 5.2103767
      objectReference: {fileID: 0}
    - target: {fileID: 408230, guid: ce0837de5d2b5d140aea3195484dca8a, type: 3}
      propertyPath: m_LocalScale.y
      value: 0.7648647
      objectReference: {fileID: 0}
    - target: {fileID: 408230, guid: ce0837de5d2b5d140aea3195484dca8a, type: 3}
      propertyPath: m_LocalPosition.x
      value: 55.93
      objectReference: {fileID: 0}
    - target: {fileID: 408230, guid: ce0837de5d2b5d140aea3195484dca8a, type: 3}
      propertyPath: m_LocalPosition.y
      value: -2.02
      objectReference: {fileID: 0}
    - target: {fileID: 408230, guid: ce0837de5d2b5d140aea3195484dca8a, type: 3}
      propertyPath: m_LocalPosition.z
      value: 0
      objectReference: {fileID: 0}
    - target: {fileID: 408230, guid: ce0837de5d2b5d140aea3195484dca8a, type: 3}
      propertyPath: m_LocalRotation.w
      value: 1
      objectReference: {fileID: 0}
    - target: {fileID: 408230, guid: ce0837de5d2b5d140aea3195484dca8a, type: 3}
      propertyPath: m_LocalRotation.x
      value: 0
      objectReference: {fileID: 0}
    - target: {fileID: 408230, guid: ce0837de5d2b5d140aea3195484dca8a, type: 3}
      propertyPath: m_LocalRotation.y
      value: 0
      objectReference: {fileID: 0}
    - target: {fileID: 408230, guid: ce0837de5d2b5d140aea3195484dca8a, type: 3}
      propertyPath: m_LocalRotation.z
      value: 0
      objectReference: {fileID: 0}
    m_RemovedComponents: []
  m_SourcePrefab: {fileID: 100100000, guid: ce0837de5d2b5d140aea3195484dca8a, type: 3}
--- !u!1001 &1906172839
PrefabInstance:
  m_ObjectHideFlags: 0
  serializedVersion: 2
  m_Modification:
    m_TransformParent: {fileID: 1494325979}
    m_Modifications:
    - target: {fileID: 108046, guid: ce0837de5d2b5d140aea3195484dca8a, type: 3}
      propertyPath: m_Name
      value: Platform100x1000 (13)
      objectReference: {fileID: 0}
    - target: {fileID: 408230, guid: ce0837de5d2b5d140aea3195484dca8a, type: 3}
      propertyPath: m_RootOrder
      value: 15
      objectReference: {fileID: 0}
    - target: {fileID: 408230, guid: ce0837de5d2b5d140aea3195484dca8a, type: 3}
      propertyPath: m_LocalScale.x
      value: 5.2103767
      objectReference: {fileID: 0}
    - target: {fileID: 408230, guid: ce0837de5d2b5d140aea3195484dca8a, type: 3}
      propertyPath: m_LocalScale.y
      value: 0.5617396
      objectReference: {fileID: 0}
    - target: {fileID: 408230, guid: ce0837de5d2b5d140aea3195484dca8a, type: 3}
      propertyPath: m_LocalPosition.x
      value: -22.22
      objectReference: {fileID: 0}
    - target: {fileID: 408230, guid: ce0837de5d2b5d140aea3195484dca8a, type: 3}
      propertyPath: m_LocalPosition.y
      value: -3.17
      objectReference: {fileID: 0}
    - target: {fileID: 408230, guid: ce0837de5d2b5d140aea3195484dca8a, type: 3}
      propertyPath: m_LocalPosition.z
      value: 0
      objectReference: {fileID: 0}
    - target: {fileID: 408230, guid: ce0837de5d2b5d140aea3195484dca8a, type: 3}
      propertyPath: m_LocalRotation.w
      value: 1
      objectReference: {fileID: 0}
    - target: {fileID: 408230, guid: ce0837de5d2b5d140aea3195484dca8a, type: 3}
      propertyPath: m_LocalRotation.x
      value: 0
      objectReference: {fileID: 0}
    - target: {fileID: 408230, guid: ce0837de5d2b5d140aea3195484dca8a, type: 3}
      propertyPath: m_LocalRotation.y
      value: 0
      objectReference: {fileID: 0}
    - target: {fileID: 408230, guid: ce0837de5d2b5d140aea3195484dca8a, type: 3}
      propertyPath: m_LocalRotation.z
      value: 0
      objectReference: {fileID: 0}
    m_RemovedComponents: []
  m_SourcePrefab: {fileID: 100100000, guid: ce0837de5d2b5d140aea3195484dca8a, type: 3}
--- !u!4 &1914730758 stripped
Transform:
  m_CorrespondingSourceObject: {fileID: 408230, guid: ce0837de5d2b5d140aea3195484dca8a,
    type: 3}
  m_PrefabInstance: {fileID: 59001101}
  m_PrefabAsset: {fileID: 0}
--- !u!4 &1948195014 stripped
Transform:
  m_CorrespondingSourceObject: {fileID: 471364, guid: f58a667c8217aaf42b28e20ef609767b,
    type: 3}
  m_PrefabInstance: {fileID: 1613876965}
  m_PrefabAsset: {fileID: 0}
--- !u!1001 &1958629380
PrefabInstance:
  m_ObjectHideFlags: 0
  serializedVersion: 2
  m_Modification:
    m_TransformParent: {fileID: 1494325979}
    m_Modifications:
    - target: {fileID: 108046, guid: ce0837de5d2b5d140aea3195484dca8a, type: 3}
      propertyPath: m_Name
      value: Platform100x1000 (4)
      objectReference: {fileID: 0}
    - target: {fileID: 408230, guid: ce0837de5d2b5d140aea3195484dca8a, type: 3}
      propertyPath: m_RootOrder
      value: 8
      objectReference: {fileID: 0}
    - target: {fileID: 408230, guid: ce0837de5d2b5d140aea3195484dca8a, type: 3}
      propertyPath: m_LocalScale.x
      value: 0.91404325
      objectReference: {fileID: 0}
    - target: {fileID: 408230, guid: ce0837de5d2b5d140aea3195484dca8a, type: 3}
      propertyPath: m_LocalScale.y
      value: 0.21855119
      objectReference: {fileID: 0}
    - target: {fileID: 408230, guid: ce0837de5d2b5d140aea3195484dca8a, type: 3}
      propertyPath: m_LocalPosition.x
      value: 34.67
      objectReference: {fileID: 0}
    - target: {fileID: 408230, guid: ce0837de5d2b5d140aea3195484dca8a, type: 3}
      propertyPath: m_LocalPosition.y
      value: 1.07
      objectReference: {fileID: 0}
    - target: {fileID: 408230, guid: ce0837de5d2b5d140aea3195484dca8a, type: 3}
      propertyPath: m_LocalPosition.z
      value: 0
      objectReference: {fileID: 0}
    - target: {fileID: 408230, guid: ce0837de5d2b5d140aea3195484dca8a, type: 3}
      propertyPath: m_LocalRotation.w
      value: 1
      objectReference: {fileID: 0}
    - target: {fileID: 408230, guid: ce0837de5d2b5d140aea3195484dca8a, type: 3}
      propertyPath: m_LocalRotation.x
      value: 0
      objectReference: {fileID: 0}
    - target: {fileID: 408230, guid: ce0837de5d2b5d140aea3195484dca8a, type: 3}
      propertyPath: m_LocalRotation.y
      value: 0
      objectReference: {fileID: 0}
    - target: {fileID: 408230, guid: ce0837de5d2b5d140aea3195484dca8a, type: 3}
      propertyPath: m_LocalRotation.z
      value: 0
      objectReference: {fileID: 0}
    m_RemovedComponents: []
  m_SourcePrefab: {fileID: 100100000, guid: ce0837de5d2b5d140aea3195484dca8a, type: 3}
--- !u!1001 &2002450778
PrefabInstance:
  m_ObjectHideFlags: 0
  serializedVersion: 2
  m_Modification:
    m_TransformParent: {fileID: 1494325979}
    m_Modifications:
    - target: {fileID: 108046, guid: ce0837de5d2b5d140aea3195484dca8a, type: 3}
      propertyPath: m_Name
      value: Platform100x1000 (2)
      objectReference: {fileID: 0}
    - target: {fileID: 408230, guid: ce0837de5d2b5d140aea3195484dca8a, type: 3}
      propertyPath: m_RootOrder
      value: 1
      objectReference: {fileID: 0}
    - target: {fileID: 408230, guid: ce0837de5d2b5d140aea3195484dca8a, type: 3}
      propertyPath: m_LocalScale.x
      value: 26.174541
      objectReference: {fileID: 0}
    - target: {fileID: 408230, guid: ce0837de5d2b5d140aea3195484dca8a, type: 3}
      propertyPath: m_LocalScale.y
      value: 3.005862
      objectReference: {fileID: 0}
    - target: {fileID: 408230, guid: ce0837de5d2b5d140aea3195484dca8a, type: 3}
      propertyPath: m_LocalPosition.x
      value: -12.0875
      objectReference: {fileID: 0}
    - target: {fileID: 408230, guid: ce0837de5d2b5d140aea3195484dca8a, type: 3}
      propertyPath: m_LocalPosition.y
      value: 13.8918
      objectReference: {fileID: 0}
    - target: {fileID: 408230, guid: ce0837de5d2b5d140aea3195484dca8a, type: 3}
      propertyPath: m_LocalPosition.z
      value: 0
      objectReference: {fileID: 0}
    - target: {fileID: 408230, guid: ce0837de5d2b5d140aea3195484dca8a, type: 3}
      propertyPath: m_LocalRotation.w
      value: 1
      objectReference: {fileID: 0}
    - target: {fileID: 408230, guid: ce0837de5d2b5d140aea3195484dca8a, type: 3}
      propertyPath: m_LocalRotation.x
      value: 0
      objectReference: {fileID: 0}
    - target: {fileID: 408230, guid: ce0837de5d2b5d140aea3195484dca8a, type: 3}
      propertyPath: m_LocalRotation.y
      value: 0
      objectReference: {fileID: 0}
    - target: {fileID: 408230, guid: ce0837de5d2b5d140aea3195484dca8a, type: 3}
      propertyPath: m_LocalRotation.z
      value: 0
      objectReference: {fileID: 0}
    m_RemovedComponents: []
  m_SourcePrefab: {fileID: 100100000, guid: ce0837de5d2b5d140aea3195484dca8a, type: 3}
--- !u!4 &2010980462 stripped
Transform:
  m_CorrespondingSourceObject: {fileID: 408230, guid: ce0837de5d2b5d140aea3195484dca8a,
    type: 3}
  m_PrefabInstance: {fileID: 1736196670}
  m_PrefabAsset: {fileID: 0}
--- !u!1001 &2025839960
PrefabInstance:
  m_ObjectHideFlags: 0
  serializedVersion: 2
  m_Modification:
    m_TransformParent: {fileID: 1494325979}
    m_Modifications:
    - target: {fileID: 108046, guid: ce0837de5d2b5d140aea3195484dca8a, type: 3}
      propertyPath: m_Name
      value: Platform100x1000 (15)
      objectReference: {fileID: 0}
    - target: {fileID: 408230, guid: ce0837de5d2b5d140aea3195484dca8a, type: 3}
      propertyPath: m_RootOrder
      value: 17
      objectReference: {fileID: 0}
    - target: {fileID: 408230, guid: ce0837de5d2b5d140aea3195484dca8a, type: 3}
      propertyPath: m_LocalScale.x
      value: 3.572739
      objectReference: {fileID: 0}
    - target: {fileID: 408230, guid: ce0837de5d2b5d140aea3195484dca8a, type: 3}
      propertyPath: m_LocalScale.y
      value: 0.04865721
      objectReference: {fileID: 0}
    - target: {fileID: 408230, guid: ce0837de5d2b5d140aea3195484dca8a, type: 3}
      propertyPath: m_LocalPosition.x
      value: 21.38
      objectReference: {fileID: 0}
    - target: {fileID: 408230, guid: ce0837de5d2b5d140aea3195484dca8a, type: 3}
      propertyPath: m_LocalPosition.y
      value: 6.01
      objectReference: {fileID: 0}
    - target: {fileID: 408230, guid: ce0837de5d2b5d140aea3195484dca8a, type: 3}
      propertyPath: m_LocalPosition.z
      value: 0
      objectReference: {fileID: 0}
    - target: {fileID: 408230, guid: ce0837de5d2b5d140aea3195484dca8a, type: 3}
      propertyPath: m_LocalRotation.w
      value: 1
      objectReference: {fileID: 0}
    - target: {fileID: 408230, guid: ce0837de5d2b5d140aea3195484dca8a, type: 3}
      propertyPath: m_LocalRotation.x
      value: 0
      objectReference: {fileID: 0}
    - target: {fileID: 408230, guid: ce0837de5d2b5d140aea3195484dca8a, type: 3}
      propertyPath: m_LocalRotation.y
      value: 0
      objectReference: {fileID: 0}
    - target: {fileID: 408230, guid: ce0837de5d2b5d140aea3195484dca8a, type: 3}
      propertyPath: m_LocalRotation.z
      value: 0
      objectReference: {fileID: 0}
    m_RemovedComponents: []
  m_SourcePrefab: {fileID: 100100000, guid: ce0837de5d2b5d140aea3195484dca8a, type: 3}
--- !u!1001 &8040196612217246658
PrefabInstance:
  m_ObjectHideFlags: 0
  serializedVersion: 2
  m_Modification:
    m_TransformParent: {fileID: 0}
    m_Modifications:
    - target: {fileID: 1844467417376146404, guid: 67e9e6648638ca94eaaa9e41373f42f2,
        type: 3}
      propertyPath: m_RootOrder
      value: 4
      objectReference: {fileID: 0}
    - target: {fileID: 1844467417376146404, guid: 67e9e6648638ca94eaaa9e41373f42f2,
        type: 3}
      propertyPath: m_LocalPosition.x
      value: -14.2
      objectReference: {fileID: 0}
    - target: {fileID: 1844467417376146404, guid: 67e9e6648638ca94eaaa9e41373f42f2,
        type: 3}
      propertyPath: m_LocalPosition.y
      value: 10.6
      objectReference: {fileID: 0}
    - target: {fileID: 1844467417376146404, guid: 67e9e6648638ca94eaaa9e41373f42f2,
        type: 3}
      propertyPath: m_LocalPosition.z
      value: -2.0703125
      objectReference: {fileID: 0}
    - target: {fileID: 1844467417376146404, guid: 67e9e6648638ca94eaaa9e41373f42f2,
        type: 3}
      propertyPath: m_LocalRotation.w
      value: 1
      objectReference: {fileID: 0}
    - target: {fileID: 1844467417376146404, guid: 67e9e6648638ca94eaaa9e41373f42f2,
        type: 3}
      propertyPath: m_LocalRotation.x
      value: 0
      objectReference: {fileID: 0}
    - target: {fileID: 1844467417376146404, guid: 67e9e6648638ca94eaaa9e41373f42f2,
        type: 3}
      propertyPath: m_LocalRotation.y
      value: 0
      objectReference: {fileID: 0}
    - target: {fileID: 1844467417376146404, guid: 67e9e6648638ca94eaaa9e41373f42f2,
        type: 3}
      propertyPath: m_LocalRotation.z
      value: 0
      objectReference: {fileID: 0}
    - target: {fileID: 1844467417376146404, guid: 67e9e6648638ca94eaaa9e41373f42f2,
        type: 3}
      propertyPath: m_LocalEulerAnglesHint.x
      value: 0
      objectReference: {fileID: 0}
    - target: {fileID: 1844467417376146404, guid: 67e9e6648638ca94eaaa9e41373f42f2,
        type: 3}
      propertyPath: m_LocalEulerAnglesHint.y
      value: 0
      objectReference: {fileID: 0}
    - target: {fileID: 1844467417376146404, guid: 67e9e6648638ca94eaaa9e41373f42f2,
        type: 3}
      propertyPath: m_LocalEulerAnglesHint.z
      value: 0
      objectReference: {fileID: 0}
    - target: {fileID: 6932121404212390242, guid: 67e9e6648638ca94eaaa9e41373f42f2,
        type: 3}
      propertyPath: m_Name
      value: MinimalCameraRig
      objectReference: {fileID: 0}
    - target: {fileID: 8940356102819974359, guid: 67e9e6648638ca94eaaa9e41373f42f2,
        type: 3}
      propertyPath: m_LocalPosition.x
      value: -14.1
      objectReference: {fileID: 0}
    - target: {fileID: 8940356102819974359, guid: 67e9e6648638ca94eaaa9e41373f42f2,
        type: 3}
      propertyPath: m_LocalPosition.y
      value: -6
      objectReference: {fileID: 0}
    m_RemovedComponents: []
  m_SourcePrefab: {fileID: 100100000, guid: 67e9e6648638ca94eaaa9e41373f42f2, type: 3}
